<?xml version="1.0" encoding="UTF-8"?>
<!DOCTYPE html PUBLIC "-//W3C//DTD XHTML 1.0 Transitional//EN"
    "http://www.w3.org/TR/xhtml1/DTD/xhtml1-transitional.dtd">
<html xmlns="http://www.w3.org/1999/xhtml" xml:lang="en" lang="en">
 <head>
  <title>
</title>
<meta http-equiv="Content-Type" content="text/html;charset=utf-8" />
  <meta name='ocr-system' content='tesseract 3.04.00' />
  <meta name='ocr-capabilities' content='ocr_page ocr_carea ocr_par ocr_line ocrx_word'/>
</head>
<body>
  <div class='ocr_page' id='page_1' title='image "./jordanibruninol05brungoog_0481.png"; bbox 0 0 3488 5108; ppageno 0'>
   <div class='ocr_carea' id='block_1_1' title="bbox 292 369 995 429">
    <p class='ocr_par' dir='ltr' id='par_1_1' title="bbox 292 369 995 429">
     <span class='ocr_line' id='line_1_1' title="bbox 292 369 995 429; baseline -0.004 -2"><span class='ocrx_word' id='word_1_1' title='bbox 292 369 353 429; x_wconf 86' lang='grc'><strong>414</strong></span> <span class='ocrx_word' id='word_1_2' title='bbox 732 379 872 425; x_wconf 75' lang='lat' dir='ltr'><strong>roansur</strong></span> <span class='ocrx_word' id='word_1_3' title='bbox 892 379 995 425; x_wconf 82' lang='lat' dir='ltr'><strong>unvur</strong></span> 
     </span>
    </p>
   </div>
   <div class='ocr_carea' id='block_1_2' title="bbox 291 533 1441 1001">
    <p class='ocr_par' dir='ltr' id='par_1_2' title="bbox 291 533 1441 1001">
     <span class='ocr_line' id='line_1_2' title="bbox 291 533 1441 622; baseline -0.004 -18"><span class='ocrx_word' id='word_1_4' title='bbox 291 536 380 604; x_wconf 89' lang='lat' dir='ltr'><strong>illud</strong></span> <span class='ocrx_word' id='word_1_5' title='bbox 398 536 490 622; x_wconf 91' lang='lat' dir='ltr'><strong>quod</strong></span> <span class='ocrx_word' id='word_1_6' title='bbox 503 535 556 602; x_wconf 91' lang='lat' dir='ltr'><strong>illi</strong></span> <span class='ocrx_word' id='word_1_7' title='bbox 571 535 707 602; x_wconf 91' lang='lat' dir='ltr'><strong>animae</strong></span> <span class='ocrx_word' id='word_1_8' title='bbox 725 534 970 601; x_wconf 88' lang='lat' dir='ltr'><strong>subministrat</strong></span> <span class='ocrx_word' id='word_1_9' title='bbox 985 539 1090 620; x_wconf 86' lang='lat' dir='ltr'><strong>atque</strong></span> <span class='ocrx_word' id='word_1_10' title='bbox 1106 535 1233 600; x_wconf 90' lang='lat' dir='ltr'><strong>subest.</strong></span> <span class='ocrx_word' id='word_1_11' title='bbox 1254 533 1321 612; x_wconf 77' lang='lat' dir='ltr'><strong>Qui</strong></span> <span class='ocrx_word' id='word_1_12' title='bbox 1335 554 1441 599; x_wconf 89' lang='lat' dir='ltr'><strong>nove·</strong></span> 
     </span>
     <span class='ocr_line' id='line_1_3' title="bbox 293 658 1439 750; baseline -0.004 -21"><span class='ocrx_word' id='word_1_13' title='bbox 293 663 340 729; x_wconf 89' lang='lat' dir='ltr'><strong>rit</strong></span> <span class='ocrx_word' id='word_1_14' title='bbox 352 683 434 750; x_wconf 89' lang='lat' dir='ltr'><strong>ergo</strong></span> <span class='ocrx_word' id='word_1_15' title='bbox 446 661 535 727; x_wconf 88' lang='lat' dir='ltr'><strong>hanc</strong></span> <span class='ocrx_word' id='word_1_16' title='bbox 547 661 683 727; x_wconf 91' lang='lat' dir='ltr'><strong>animae</strong></span> <span class='ocrx_word' id='word_1_17' title='bbox 702 661 1000 727; x_wconf 77' lang='lat' dir='ltr'>continuationem</span> <span class='ocrx_word' id='word_1_18' title='bbox 1019 658 1294 727; x_wconf 80' lang='lat' dir='ltr'><strong>indissolubilem</strong></span> <span class='ocrx_word' id='word_1_19' title='bbox 1311 665 1345 724; x_wconf 87' lang='lat' dir='ltr'><strong>et</strong></span> <span class='ocrx_word' id='word_1_20' title='bbox 1362 680 1439 724; x_wconf 90' lang='lat' dir='ltr'><strong>eam</strong></span> 
     </span>
     <span class='ocr_line' id='line_1_4' title="bbox 293 783 1438 875; baseline -0.003 -21"><span class='ocrx_word' id='word_1_21' title='bbox 293 787 428 875; x_wconf 84' lang='lat' dir='ltr'><strong>corpori</strong></span> <span class='ocrx_word' id='word_1_22' title='bbox 453 786 601 872; x_wconf 87' lang='lat' dir='ltr'><strong>quadam</strong></span> <span class='ocrx_word' id='word_1_23' title='bbox 625 786 830 852; x_wconf 88' lang='lat' dir='ltr'><strong>necessitate</strong></span> <span class='ocrx_word' id='word_1_24' title='bbox 846 786 1038 868; x_wconf 77' lang='lat' dir='ltr'><strong>astrictam,</strong></span> <span class='ocrx_word' id='word_1_25' title='bbox 1057 784 1202 851; x_wconf 78' lang='lat' dir='ltr'><strong>habebit</strong></span> <span class='ocrx_word' id='word_1_26' title='bbox 1220 807 1290 850; x_wconf 89' lang='lat' dir='ltr'><strong>nou</strong></span> <span class='ocrx_word' id='word_1_27' title='bbox 1310 783 1438 850; x_wconf 90' lang='lat' dir='ltr'><strong>medio·</strong></span> 
     </span>
     <span class='ocr_line' id='line_1_5' title="bbox 293 908 1439 1001; baseline -0.004 -22"><span class='ocrx_word' id='word_1_28' title='bbox 293 936 349 979; x_wconf 92' lang='lat' dir='ltr'><strong>cre</strong></span> <span class='ocrx_word' id='word_1_29' title='bbox 363 911 588 1001; x_wconf 88' lang='lat' dir='ltr'><strong>principium,</strong></span> <span class='ocrx_word' id='word_1_30' title='bbox 601 917 676 977; x_wconf 90' lang='lat' dir='ltr'><strong>tum</strong></span> <span class='ocrx_word' id='word_1_31' title='bbox 691 910 735 977; x_wconf 91' lang='lat' dir='ltr'><strong>ad</strong></span> <span class='ocrx_word' id='word_1_32' title='bbox 750 911 975 998; x_wconf 86' lang='lat' dir='ltr'><strong>operandum,</strong></span> <span class='ocrx_word' id='word_1_33' title='bbox 988 918 1063 977; x_wconf 90' lang='lat' dir='ltr'><strong>tum</strong></span> <span class='ocrx_word' id='word_1_34' title='bbox 1078 911 1122 977; x_wconf 90' lang='lat' dir='ltr'><strong>ad</strong></span> <span class='ocrx_word' id='word_1_35' title='bbox 1134 908 1439 997; x_wconf 86' lang='lat' dir='ltr'><strong>contemplandum</strong></span> 
     </span>
    </p>
   </div>
   <div class='ocr_carea' id='block_1_3' title="bbox 146 1029 1617 1138">
    <p class='ocr_par' dir='ltr' id='par_1_3' title="bbox 146 1029 1617 1138">
     <span class='ocr_line' id='line_1_6' title="bbox 146 1029 1617 1138; baseline -0.005 -31"><span class='ocrx_word' id='word_1_36' title='bbox 146 1114 149 1118; x_wconf 86' lang='lat'>.</span> <span class='ocrx_word' id='word_1_37' title='bbox 247 1042 269 1106; x_wconf 78' lang='grc' dir='ltr'>ὃ</span> <span class='ocrx_word' id='word_1_38' title='bbox 291 1038 406 1105; x_wconf 85' lang='lat' dir='ltr'><strong>verius</strong></span> <span class='ocrx_word' id='word_1_39' title='bbox 419 1040 509 1103; x_wconf 87' lang='lat' dir='ltr'><strong>circa</strong></span> <span class='ocrx_word' id='word_1_40' title='bbox 521 1060 634 1103; x_wconf 89' lang='lat' dir='ltr'><strong>rernm</strong></span> <span class='ocrx_word' id='word_1_41' title='bbox 648 1045 818 1104; x_wconf 89' lang='lat' dir='ltr'><strong>naturam.</strong></span> <span class='ocrx_word' id='word_1_42' title='bbox 832 1038 878 1102; x_wconf 83' lang='lat' dir='ltr'><strong>Et</strong></span> <span class='ocrx_word' id='word_1_43' title='bbox 898 1037 903 1126; x_wconf 75' lang='lat' dir='ltr'><strong>l</strong></span> <span class='ocrx_word' id='word_1_44' title='bbox 923 1038 1005 1103; x_wconf 88' lang='lat' dir='ltr'><strong>hinc</strong></span> <span class='ocrx_word' id='word_1_45' title='bbox 1016 1043 1179 1125; x_wconf 89' lang='lat' dir='ltr'><strong>prompta</strong></span> <span class='ocrx_word' id='word_1_46' title='bbox 1191 1036 1259 1138; x_wconf 80' lang='lat' dir='ltr'><strong>erit</strong></span> <span class='ocrx_word' id='word_1_47' title='bbox 1270 1036 1359 1102; x_wconf 91' lang='lat' dir='ltr'><strong>ratio</strong></span> <span class='ocrx_word' id='word_1_48' title='bbox 1373 1057 1442 1120; x_wconf 89' lang='lat' dir='ltr'><strong>qua</strong></span> <span class='ocrx_word' id='word_1_49' title='bbox 1466 1029 1617 1093; x_wconf 73' lang='lat' dir='ltr'><strong>13&#39;M</strong></span> 
     </span>
    </p>
   </div>
   <div class='ocr_carea' id='block_1_4' title="bbox 226 1164 1606 3774">
    <p class='ocr_par' dir='ltr' id='par_1_4' title="bbox 226 1164 1606 3774">
     <span class='ocr_line' id='line_1_7' title="bbox 291 1164 1438 1251; baseline -0.003 -20"><span class='ocrx_word' id='word_1_50' title='bbox 291 1188 362 1231; x_wconf 90' lang='lat' dir='ltr'><strong>non</strong></span> <span class='ocrx_word' id='word_1_51' title='bbox 390 1164 493 1231; x_wconf 86' lang='lat' dir='ltr'><strong>datur</strong></span> <span class='ocrx_word' id='word_1_52' title='bbox 515 1186 681 1249; x_wconf 86' lang='lat' dir='ltr'><strong>vacuum,</strong></span> <span class='ocrx_word' id='word_1_53' title='bbox 708 1186 832 1251; x_wconf 90' lang='lat' dir='ltr'><strong>nempe</strong></span> <span class='ocrx_word' id='word_1_54' title='bbox 858 1164 1013 1251; x_wconf 85' lang='lat' dir='ltr'><strong>spacium</strong></span> <span class='ocrx_word' id='word_1_55' title='bbox 1043 1165 1118 1230; x_wconf 89' lang='lat' dir='ltr'><strong>sine</strong></span> <span class='ocrx_word' id='word_1_56' title='bbox 1142 1185 1302 1251; x_wconf 87' lang='lat' dir='ltr'><strong>corpore;</strong></span> <span class='ocrx_word' id='word_1_57' title='bbox 1326 1185 1438 1249; x_wconf 90' lang='lat' dir='ltr'><strong>neque</strong></span> 
     </span>
     <span class='ocr_line' id='line_1_8' title="bbox 292 1289 1439 1378; baseline -0.003 -20"><span class='ocrx_word' id='word_1_58' title='bbox 292 1291 421 1360; x_wconf 88' lang='lat' dir='ltr'><strong>etenim</strong></span> <span class='ocrx_word' id='word_1_59' title='bbox 448 1312 571 1378; x_wconf 88' lang='lat' dir='ltr'><strong>corpus</strong></span> <span class='ocrx_word' id='word_1_60' title='bbox 595 1312 701 1355; x_wconf 90' lang='lat' dir='ltr'><strong>unum</strong></span> <span class='ocrx_word' id='word_1_61' title='bbox 727 1291 769 1356; x_wconf 91' lang='lat' dir='ltr'><strong>ab</strong></span> <span class='ocrx_word' id='word_1_62' title='bbox 790 1313 859 1357; x_wconf 92' lang='lat' dir='ltr'><strong>unc</strong></span> <span class='ocrx_word' id='word_1_63' title='bbox 878 1292 953 1358; x_wconf 88' lang='lat' dir='ltr'><strong>loco</strong></span> <span class='ocrx_word' id='word_1_64' title='bbox 976 1291 1119 1374; x_wconf 80' lang='lat' dir='ltr'><strong>recedit,</strong></span> <span class='ocrx_word' id='word_1_65' title='bbox 1143 1290 1213 1355; x_wconf 89' lang='lat' dir='ltr'><strong>nisi</strong></span> <span class='ocrx_word' id='word_1_66' title='bbox 1236 1289 1439 1355; x_wconf 87' lang='lat' dir='ltr'><strong>succedente</strong></span> 
     </span>
     <span class='ocr_line' id='line_1_9' title="bbox 291 1412 1440 1503; baseline -0.004 -20"><span class='ocrx_word' id='word_1_67' title='bbox 291 1418 410 1483; x_wconf 87' lang='lat' dir='ltr'><strong>altero.</strong></span> <span class='ocrx_word' id='word_1_68' title='bbox 430 1414 559 1480; x_wconf 88' lang='lat' dir='ltr'><strong>Anima</strong></span> <span class='ocrx_word' id='word_1_69' title='bbox 575 1416 666 1480; x_wconf 87' lang='lat' dir='ltr'><strong>enim</strong></span> <span class='ocrx_word' id='word_1_70' title='bbox 684 1437 807 1502; x_wconf 90' lang='lat' dir='ltr'><strong>corpus</strong></span> <span class='ocrx_word' id='word_1_71' title='bbox 823 1415 1003 1503; x_wconf 90' lang='lat' dir='ltr'><strong>proprium</strong></span> <span class='ocrx_word' id='word_1_72' title='bbox 1023 1417 1059 1481; x_wconf 91' lang='lat' dir='ltr'><strong>in</strong></span> <span class='ocrx_word' id='word_1_73' title='bbox 1078 1415 1152 1481; x_wconf 87' lang='lat' dir='ltr'><strong>vita</strong></span> <span class='ocrx_word' id='word_1_74' title='bbox 1171 1413 1344 1496; x_wconf 84' lang='lat' dir='ltr'><strong>destituit,</strong></span> <span class='ocrx_word' id='word_1_75' title='bbox 1364 1412 1440 1479; x_wconf 88' lang='lat' dir='ltr'><strong>uni·</strong></span> 
     </span>
     <span class='ocr_line' id='line_1_10' title="bbox 290 1539 1438 1627; baseline -0.004 -18"><span class='ocrx_word' id='word_1_76' title='bbox 290 1564 428 1610; x_wconf 87' lang='lat' dir='ltr'><strong>versum</strong></span> <span class='ocrx_word' id='word_1_77' title='bbox 457 1553 538 1607; x_wconf 86' lang='lat' dir='ltr'><strong>vero</strong></span> <span class='ocrx_word' id='word_1_78' title='bbox 567 1562 689 1627; x_wconf 88' lang='lat' dir='ltr'><strong>corpus</strong></span> <span class='ocrx_word' id='word_1_79' title='bbox 717 1540 925 1626; x_wconf 87' lang='lat' dir='ltr'><strong>nequidem</strong></span> <span class='ocrx_word' id='word_1_80' title='bbox 950 1541 1137 1606; x_wconf 86' lang='lat' dir='ltr'><strong>destituere</strong></span> <span class='ocrx_word' id='word_1_81' title='bbox 1168 1546 1299 1627; x_wconf 88' lang='lat' dir='ltr'><strong>potest,</strong></span> <span class='ocrx_word' id='word_1_82' title='bbox 1325 1540 1382 1606; x_wconf 82' lang='lat' dir='ltr'><strong>v&#39;el</strong></span> <span class='ocrx_word' id='word_1_83' title='bbox 1407 1539 1438 1605; x_wconf 89' lang='lat' dir='ltr'><strong>si</strong></span> 
     </span>
     <span class='ocr_line' id='line_1_11' title="bbox 226 1666 1438 1754; baseline -0.005 -18"><span class='ocrx_word' id='word_1_84' title='bbox 226 1673 268 1737; x_wconf 88' lang='lat'><strong>10</strong></span> <span class='ocrx_word' id='word_1_85' title='bbox 289 1668 401 1735; x_wconf 84' lang='lat' dir='ltr'><strong>mavis</strong></span> <span class='ocrx_word' id='word_1_86' title='bbox 419 1667 533 1733; x_wconf 86' lang='lat' dir='ltr'><strong>dicere</strong></span> <span class='ocrx_word' id='word_1_87' title='bbox 544 1667 588 1732; x_wconf 86' lang='lat' dir='ltr'><strong>ab</strong></span> <span class='ocrx_word' id='word_1_88' title='bbox 605 1666 765 1734; x_wconf 87' lang='lat' dir='ltr'><strong>universo</strong></span> <span class='ocrx_word' id='word_1_89' title='bbox 786 1689 927 1754; x_wconf 88' lang='lat' dir='ltr'><strong>corpore</strong></span> <span class='ocrx_word' id='word_1_90' title='bbox 942 1666 1104 1750; x_wconf 76' lang='lat' dir='ltr'><strong>destitui,</strong></span> <span class='ocrx_word' id='word_1_91' title='bbox 1126 1667 1324 1753; x_wconf 88' lang='lat' dir='ltr'><strong>relinquens</strong></span> <span class='ocrx_word' id='word_1_92' title='bbox 1343 1666 1438 1732; x_wconf 87' lang='lat' dir='ltr'><strong>enim</strong></span> 
     </span>
     <span class='ocr_line' id='line_1_12' title="bbox 290 1794 1438 1885; baseline -0.006 -20"><span class='ocrx_word' id='word_1_93' title='bbox 290 1822 398 1865; x_wconf 90' lang='lat' dir='ltr'><strong>unum</strong></span> <span class='ocrx_word' id='word_1_94' title='bbox 415 1797 561 1885; x_wconf 84' lang='lat' dir='ltr'><strong>simplex</strong></span> <span class='ocrx_word' id='word_1_95' title='bbox 580 1819 639 1863; x_wconf 90' lang='lat' dir='ltr'><strong>sen</strong></span> <span class='ocrx_word' id='word_1_96' title='bbox 655 1796 898 1884; x_wconf 88' lang='lat' dir='ltr'><strong>compositum,</strong></span> <span class='ocrx_word' id='word_1_97' title='bbox 916 1797 953 1862; x_wconf 89' lang='lat' dir='ltr'><strong>in</strong></span> <span class='ocrx_word' id='word_1_98' title='bbox 969 1796 1116 1862; x_wconf 89' lang='lat' dir='ltr'><strong>alterurn</strong></span> <span class='ocrx_word' id='word_1_99' title='bbox 1133 1819 1192 1861; x_wconf 92' lang='lat' dir='ltr'><strong>seu</strong></span> <span class='ocrx_word' id='word_1_100' title='bbox 1209 1794 1438 1882; x_wconf 88' lang='lat' dir='ltr'><strong>compositum</strong></span> 
     </span>
     <span class='ocr_line' id='line_1_13' title="bbox 292 1918 1436 2010; baseline -0.003 -20"><span class='ocrx_word' id='word_1_101' title='bbox 292 1947 351 1990; x_wconf 86' lang='lat' dir='ltr'><strong>seu</strong></span> <span class='ocrx_word' id='word_1_102' title='bbox 374 1923 521 2010; x_wconf 84' lang='lat' dir='ltr'><strong>simplex</strong></span> <span class='ocrx_word' id='word_1_103' title='bbox 539 1921 728 2005; x_wconf 87' lang='lat' dir='ltr'><strong>deferetur,</strong></span> <span class='ocrx_word' id='word_1_104' title='bbox 750 1922 803 1987; x_wconf 89' lang='lat' dir='ltr'><strong>vel</strong></span> <span class='ocrx_word' id='word_1_105' title='bbox 822 1922 866 1987; x_wconf 91' lang='lat' dir='ltr'><strong>ab</strong></span> <span class='ocrx_word' id='word_1_106' title='bbox 885 1945 954 1988; x_wconf 90' lang='lat' dir='ltr'><strong>uno</strong></span> <span class='ocrx_word' id='word_1_107' title='bbox 982 1922 1103 1988; x_wconf 90' lang='lat' dir='ltr'><strong>relicta</strong></span> <span class='ocrx_word' id='word_1_108' title='bbox 1132 1943 1274 2009; x_wconf 91' lang='lat' dir='ltr'><strong>corpore</strong></span> <span class='ocrx_word' id='word_1_109' title='bbox 1304 1920 1348 1986; x_wconf 90' lang='lat' dir='ltr'><strong>ab</strong></span> <span class='ocrx_word' id='word_1_110' title='bbox 1368 1918 1436 1986; x_wconf 90' lang='lat' dir='ltr'><strong>alio</strong></span> 
     </span>
     <span class='ocr_line' id='line_1_14' title="bbox 291 2045 1437 2136; baseline -0.004 -22"><span class='ocrx_word' id='word_1_111' title='bbox 291 2050 515 2136; x_wconf 86' lang='lat' dir='ltr'><strong>praevenitur</strong></span> <span class='ocrx_word' id='word_1_112' title='bbox 546 2047 602 2113; x_wconf 89' lang='lat' dir='ltr'><strong>vel</strong></span> <span class='ocrx_word' id='word_1_113' title='bbox 632 2048 845 2114; x_wconf 89' lang='lat' dir='ltr'><strong>subvenitur.</strong></span> <span class='ocrx_word' id='word_1_114' title='bbox 876 2050 999 2134; x_wconf 87' lang='lat' dir='ltr'><strong>Itaque</strong></span> <span class='ocrx_word' id='word_1_115' title='bbox 1029 2047 1304 2115; x_wconf 84' lang='lat' dir='ltr'><strong>indissolubilem</strong></span> <span class='ocrx_word' id='word_1_116' title='bbox 1330 2045 1437 2111; x_wconf 87' lang='lat' dir='ltr'><strong>habet</strong></span> 
     </span>
     <span class='ocr_line' id='line_1_15' title="bbox 292 2172 1437 2262; baseline -0.002 -22"><span class='ocrx_word' id='word_1_117' title='bbox 292 2197 419 2241; x_wconf 86' lang='lat' dir='ltr'><strong>nexum</strong></span> <span class='ocrx_word' id='word_1_118' title='bbox 442 2174 486 2240; x_wconf 88' lang='lat' dir='ltr'><strong>ad</strong></span> <span class='ocrx_word' id='word_1_119' title='bbox 506 2173 735 2239; x_wconf 85' lang='lat' dir='ltr'><strong>universalem</strong></span> <span class='ocrx_word' id='word_1_120' title='bbox 755 2173 952 2256; x_wconf 85' lang='lat' dir='ltr'><strong>materiam;</strong></span> <span class='ocrx_word' id='word_1_121' title='bbox 976 2182 1188 2262; x_wconf 88' lang='lat' dir='ltr'><strong>quapropter</strong></span> <span class='ocrx_word' id='word_1_122' title='bbox 1218 2196 1297 2240; x_wconf 91' lang='lat' dir='ltr'><strong>cum</strong></span> <span class='ocrx_word' id='word_1_123' title='bbox 1326 2172 1437 2260; x_wconf 88' lang='lat' dir='ltr'><strong>ipsius</strong></span> 
     </span>
     <span class='ocr_line' id='line_1_16' title="bbox 226 2298 1436 2387; baseline -0.003 -20"><span class='ocrx_word' id='word_1_124' title='bbox 226 2302 269 2367; x_wconf 82' lang='lat'><strong>15</strong></span> <span class='ocrx_word' id='word_1_125' title='bbox 291 2308 417 2367; x_wconf 86' lang='lat' dir='ltr'><strong>natura</strong></span> <span class='ocrx_word' id='word_1_126' title='bbox 439 2299 486 2366; x_wconf 91' lang='lat' dir='ltr'><strong>sit</strong></span> <span class='ocrx_word' id='word_1_127' title='bbox 504 2299 633 2384; x_wconf 90' lang='lat' dir='ltr'><strong>ubique</strong></span> <span class='ocrx_word' id='word_1_128' title='bbox 657 2304 731 2364; x_wconf 89' lang='lat' dir='ltr'><strong>tota</strong></span> <span class='ocrx_word' id='word_1_129' title='bbox 759 2307 794 2364; x_wconf 89' lang='lat' dir='ltr'><strong>et</strong></span> <span class='ocrx_word' id='word_1_130' title='bbox 812 2299 991 2382; x_wconf 86' lang='lat' dir='ltr'><strong>continua,</strong></span> <span class='ocrx_word' id='word_1_131' title='bbox 1011 2300 1139 2387; x_wconf 88' lang='lat' dir='ltr'><strong>ubique</strong></span> <span class='ocrx_word' id='word_1_132' title='bbox 1159 2298 1339 2366; x_wconf 86' lang='lat' dir='ltr'><strong>materiam</strong></span> <span class='ocrx_word' id='word_1_133' title='bbox 1363 2320 1436 2364; x_wconf 88' lang='lat' dir='ltr'><strong>cor·</strong></span> 
     </span>
     <span class='ocr_line' id='line_1_17' title="bbox 290 2424 1435 2514; baseline -0.004 -21"><span class='ocrx_word' id='word_1_134' title='bbox 290 2449 430 2514; x_wconf 87' lang='lat' dir='ltr'><strong>peream</strong></span> <span class='ocrx_word' id='word_1_135' title='bbox 449 2424 695 2490; x_wconf 84' lang='lat' dir='ltr'><strong>consistentem</strong></span> <span class='ocrx_word' id='word_1_136' title='bbox 711 2424 878 2510; x_wconf 86' lang='lat' dir='ltr'><strong>agnoscit.</strong></span> <span class='ocrx_word' id='word_1_137' title='bbox 898 2424 991 2490; x_wconf 88' lang='lat' dir='ltr'><strong>Hinc</strong></span> <span class='ocrx_word' id='word_1_138' title='bbox 1009 2427 1165 2511; x_wconf 90' lang='lat' dir='ltr'><strong>sequitur</strong></span> <span class='ocrx_word' id='word_1_139' title='bbox 1183 2425 1357 2492; x_wconf 89' lang='lat' dir='ltr'><strong>conclusio</strong></span> <span class='ocrx_word' id='word_1_140' title='bbox 1376 2445 1435 2489; x_wconf 86' lang='lat' dir='ltr'><strong>va·</strong></span> 
     </span>
     <span class='ocr_line' id='line_1_18' title="bbox 292 2547 1435 2638; baseline -0.003 -21"><span class='ocrx_word' id='word_1_141' title='bbox 292 2573 394 2617; x_wconf 93' lang='lat' dir='ltr'><strong>cuum</strong></span> <span class='ocrx_word' id='word_1_142' title='bbox 413 2573 484 2616; x_wconf 90' lang='lat' dir='ltr'><strong>non</strong></span> <span class='ocrx_word' id='word_1_143' title='bbox 502 2573 575 2615; x_wconf 86' lang='lat' dir='ltr'><strong>esse</strong></span> <span class='ocrx_word' id='word_1_144' title='bbox 599 2556 721 2635; x_wconf 88' lang='lat' dir='ltr'><strong>utpote</strong></span> <span class='ocrx_word' id='word_1_145' title='bbox 744 2549 837 2634; x_wconf 87' lang='lat' dir='ltr'><strong>quod</strong></span> <span class='ocrx_word' id='word_1_146' title='bbox 859 2550 905 2616; x_wconf 91' lang='lat' dir='ltr'><strong>sit</strong></span> <span class='ocrx_word' id='word_1_147' title='bbox 931 2551 1086 2638; x_wconf 88' lang='lat' dir='ltr'><strong>spacium</strong></span> <span class='ocrx_word' id='word_1_148' title='bbox 1105 2551 1181 2617; x_wconf 89' lang='lat' dir='ltr'><strong>sine</strong></span> <span class='ocrx_word' id='word_1_149' title='bbox 1200 2571 1354 2637; x_wconf 89' lang='lat' dir='ltr'><strong>corpore,</strong></span> <span class='ocrx_word' id='word_1_150' title='bbox 1375 2547 1435 2614; x_wconf 86' lang='lat' dir='ltr'><strong>sed</strong></span> 
     </span>
     <span class='ocr_line' id='line_1_19' title="bbox 292 2672 1435 2764; baseline -0.003 -22"><span class='ocrx_word' id='word_1_151' title='bbox 292 2698 440 2743; x_wconf 91' lang='lat' dir='ltr'><strong>vacuum</strong></span> <span class='ocrx_word' id='word_1_152' title='bbox 458 2698 531 2741; x_wconf 90' lang='lat' dir='ltr'><strong>esse</strong></span> <span class='ocrx_word' id='word_1_153' title='bbox 549 2680 671 2761; x_wconf 90' lang='lat' dir='ltr'><strong>utpote</strong></span> <span class='ocrx_word' id='word_1_154' title='bbox 691 2673 846 2761; x_wconf 86' lang='lat' dir='ltr'><strong>spacium</strong></span> <span class='ocrx_word' id='word_1_155' title='bbox 875 2674 914 2740; x_wconf 90' lang='lat' dir='ltr'><strong>iu</strong></span> <span class='ocrx_word' id='word_1_156' title='bbox 940 2698 1007 2762; x_wconf 91' lang='lat' dir='ltr'><strong>quo</strong></span> <span class='ocrx_word' id='word_1_157' title='bbox 1034 2677 1171 2743; x_wconf 87' lang='lat' dir='ltr'><strong>diversa</strong></span> <span class='ocrx_word' id='word_1_158' title='bbox 1196 2696 1339 2764; x_wconf 87' lang='lat' dir='ltr'><strong>corpora</strong></span> <span class='ocrx_word' id='word_1_159' title='bbox 1366 2672 1435 2740; x_wconf 91' lang='lat' dir='ltr'><strong>sibi</strong></span> 
     </span>
     <span class='ocr_line' id='line_1_20' title="bbox 292 2800 1606 2889; baseline -0.001 -22"><span class='ocrx_word' id='word_1_160' title='bbox 292 2801 478 2868; x_wconf 88' lang='lat' dir='ltr'><strong>succedant</strong></span> <span class='ocrx_word' id='word_1_161' title='bbox 497 2808 531 2865; x_wconf 90' lang='lat' dir='ltr'><strong>et</strong></span> <span class='ocrx_word' id='word_1_162' title='bbox 549 2806 761 2884; x_wconf 78' lang='lat' dir='ltr'><strong>meveantur.</strong></span> <span class='ocrx_word' id='word_1_163' title='bbox 784 2800 787 2889; x_wconf 73' lang='lat' dir='ltr'><strong>l</strong></span> <span class='ocrx_word' id='word_1_164' title='bbox 808 2800 902 2866; x_wconf 89' lang='lat' dir='ltr'><strong>Hinc</strong></span> <span class='ocrx_word' id='word_1_165' title='bbox 917 2801 1023 2868; x_wconf 90' lang='lat' dir='ltr'><strong>etiam</strong></span> <span class='ocrx_word' id='word_1_166' title='bbox 1042 2802 1226 2868; x_wconf 89' lang='lat' dir='ltr'><strong>continuus</strong></span> <span class='ocrx_word' id='word_1_167' title='bbox 1245 2807 1359 2866; x_wconf 89' lang='lat' dir='ltr'><strong>motus</strong></span> <span class='ocrx_word' id='word_1_168' title='bbox 1382 2805 1435 2865; x_wconf 88' lang='lat' dir='ltr'><strong>est</strong></span> <span class='ocrx_word' id='word_1_169' title='bbox 1459 2801 1551 2864; x_wconf 75' lang='lat' dir='ltr'><strong>63r</strong></span> <span class='ocrx_word' id='word_1_170' title='bbox 1568 2801 1606 2866; x_wconf 82' lang='lat'><em>0</em></span> 
     </span>
     <span class='ocr_line' id='line_1_21' title="bbox 226 2925 1432 3014; baseline -0.002 -21"><span class='ocrx_word' id='word_1_171' title='bbox 226 2936 270 3000; x_wconf 83' lang='lat'><strong>20</strong></span> <span class='ocrx_word' id='word_1_172' title='bbox 292 2927 445 3014; x_wconf 89' lang='lat' dir='ltr'><strong>partium</strong></span> <span class='ocrx_word' id='word_1_173' title='bbox 474 2926 625 3013; x_wconf 89' lang='lat' dir='ltr'><strong>corporis</strong></span> <span class='ocrx_word' id='word_1_174' title='bbox 652 2926 756 2991; x_wconf 89' lang='lat' dir='ltr'><strong>unius</strong></span> <span class='ocrx_word' id='word_1_175' title='bbox 789 2949 907 2992; x_wconf 83' lang='lat' dir='ltr'><strong>versus</strong></span> <span class='ocrx_word' id='word_1_176' title='bbox 942 2933 1058 3014; x_wconf 88' lang='lat' dir='ltr'><strong>partes</strong></span> <span class='ocrx_word' id='word_1_177' title='bbox 1089 2927 1240 3014; x_wconf 85' lang='lat' dir='ltr'><strong>corporis</strong></span> <span class='ocrx_word' id='word_1_178' title='bbox 1271 2925 1432 3008; x_wconf 77' lang='lat' dir='ltr'><strong>alteriuS,</strong></span> 
     </span>
     <span class='ocr_line' id='line_1_22' title="bbox 292 3050 1436 3141; baseline -0.003 -22"><span class='ocrx_word' id='word_1_179' title='bbox 292 3077 415 3140; x_wconf 89' lang='lat' dir='ltr'><strong>nempe</strong></span> <span class='ocrx_word' id='word_1_180' title='bbox 438 3076 500 3141; x_wconf 89' lang='lat' dir='ltr'><strong>per</strong></span> <span class='ocrx_word' id='word_1_181' title='bbox 524 3053 727 3119; x_wconf 89' lang='lat' dir='ltr'><strong>continuum</strong></span> <span class='ocrx_word' id='word_1_182' title='bbox 750 3053 904 3140; x_wconf 86' lang='lat' dir='ltr'><strong>spacium</strong></span> <span class='ocrx_word' id='word_1_183' title='bbox 927 3061 961 3118; x_wconf 92' lang='lat' dir='ltr'><strong>et</strong></span> <span class='ocrx_word' id='word_1_184' title='bbox 984 3076 1055 3120; x_wconf 91' lang='lat' dir='ltr'><strong>non</strong></span> <span class='ocrx_word' id='word_1_185' title='bbox 1079 3055 1312 3141; x_wconf 89' lang='lat' dir='ltr'><strong>interruptum</strong></span> <span class='ocrx_word' id='word_1_186' title='bbox 1336 3050 1436 3137; x_wconf 89' lang='lat' dir='ltr'><strong>quasi</strong></span> 
     </span>
     <span class='ocr_line' id='line_1_23' title="bbox 291 3179 1436 3268; baseline -0.003 -21"><span class='ocrx_word' id='word_1_187' title='bbox 291 3204 401 3249; x_wconf 88' lang='lat' dir='ltr'><strong>vacuo</strong></span> <span class='ocrx_word' id='word_1_188' title='bbox 418 3182 510 3247; x_wconf 90' lang='lat' dir='ltr'><strong>inter</strong></span> <span class='ocrx_word' id='word_1_189' title='bbox 528 3183 669 3268; x_wconf 89' lang='lat' dir='ltr'><strong>plenum</strong></span> <span class='ocrx_word' id='word_1_190' title='bbox 685 3188 719 3245; x_wconf 88' lang='lat' dir='ltr'><strong>et</strong></span> <span class='ocrx_word' id='word_1_191' title='bbox 733 3181 875 3268; x_wconf 89' lang='lat' dir='ltr'><strong>plenum</strong></span> <span class='ocrx_word' id='word_1_192' title='bbox 894 3182 1080 3265; x_wconf 87' lang='lat' dir='ltr'><strong>mediante,</strong></span> <span class='ocrx_word' id='word_1_193' title='bbox 1098 3181 1167 3246; x_wconf 88' lang='lat' dir='ltr'><strong>nisi</strong></span> <span class='ocrx_word' id='word_1_194' title='bbox 1183 3203 1331 3246; x_wconf 90' lang='lat' dir='ltr'><strong>vacuum</strong></span> <span class='ocrx_word' id='word_1_195' title='bbox 1350 3179 1436 3245; x_wconf 85' lang='lat' dir='ltr'><strong>veli·</strong></span> 
     </span>
     <span class='ocr_line' id='line_1_24' title="bbox 293 3305 1435 3395; baseline -0.002 -24"><span class='ocrx_word' id='word_1_196' title='bbox 293 3329 370 3373; x_wconf 88' lang='lat' dir='ltr'><strong>mus</strong></span> <span class='ocrx_word' id='word_1_197' title='bbox 386 3306 561 3394; x_wconf 87' lang='lat' dir='ltr'><strong>appellare</strong></span> <span class='ocrx_word' id='word_1_198' title='bbox 581 3305 736 3391; x_wconf 89' lang='lat' dir='ltr'><strong>spacium</strong></span> <span class='ocrx_word' id='word_1_199' title='bbox 755 3305 792 3370; x_wconf 90' lang='lat' dir='ltr'><strong>in</strong></span> <span class='ocrx_word' id='word_1_200' title='bbox 812 3328 879 3392; x_wconf 91' lang='lat' dir='ltr'><strong>quo</strong></span> <span class='ocrx_word' id='word_1_201' title='bbox 896 3308 1031 3373; x_wconf 89' lang='lat' dir='ltr'><strong>nullum</strong></span> <span class='ocrx_word' id='word_1_202' title='bbox 1050 3330 1173 3395; x_wconf 89' lang='lat' dir='ltr'><strong>corpus</strong></span> <span class='ocrx_word' id='word_1_203' title='bbox 1192 3312 1244 3372; x_wconf 89' lang='lat' dir='ltr'><strong>est</strong></span> <span class='ocrx_word' id='word_1_204' title='bbox 1264 3305 1435 3372; x_wconf 87' lang='lat' dir='ltr'><strong>sensibile.</strong></span> 
     </span>
     <span class='ocr_line' id='line_1_25' title="bbox 382 3431 1437 3522; baseline -0.006 -19"><span class='ocrx_word' id='word_1_205' title='bbox 382 3450 526 3503; x_wconf 70' lang='lat' dir='ltr'><strong>(xv111tbo</strong></span> <span class='ocrx_word' id='word_1_206' title='bbox 550 3431 682 3518; x_wconf 85' lang='lat' dir='ltr'><strong>Corpus</strong></span> <span class='ocrx_word' id='word_1_207' title='bbox 716 3454 795 3497; x_wconf 88' lang='lat' dir='ltr'><strong>vere</strong></span> <span class='ocrx_word' id='word_1_208' title='bbox 826 3433 1029 3500; x_wconf 90' lang='lat' dir='ltr'><strong>continuum</strong></span> <span class='ocrx_word' id='word_1_209' title='bbox 1058 3443 1109 3501; x_wconf 86' lang='lat' dir='ltr'><strong>est</strong></span> <span class='ocrx_word' id='word_1_210' title='bbox 1138 3457 1262 3522; x_wconf 90' lang='lat' dir='ltr'><strong>corpus</strong></span> <span class='ocrx_word' id='word_1_211' title='bbox 1290 3433 1437 3500; x_wconf 88' lang='lat' dir='ltr'><strong>insensi-</strong></span> 
     </span>
     <span class='ocr_line' id='line_1_26' title="bbox 226 3560 1438 3647; baseline -0.003 -18"><span class='ocrx_word' id='word_1_212' title='bbox 226 3564 270 3629; x_wconf 81' lang='lat'><strong>25</strong></span> <span class='ocrx_word' id='word_1_213' title='bbox 293 3560 375 3644; x_wconf 88' lang='lat' dir='ltr'><strong>bile,</strong></span> <span class='ocrx_word' id='word_1_214' title='bbox 392 3560 535 3647; x_wconf 86' lang='lat' dir='ltr'><strong>spiritus</strong></span> <span class='ocrx_word' id='word_1_215' title='bbox 554 3582 678 3646; x_wconf 91' lang='lat' dir='ltr'><strong>nempe</strong></span> <span class='ocrx_word' id='word_1_216' title='bbox 702 3568 821 3625; x_wconf 70' lang='lat' dir='ltr'><strong>aereus</strong></span> <span class='ocrx_word' id='word_1_217' title='bbox 841 3582 900 3625; x_wconf 88' lang='lat' dir='ltr'><strong>seu</strong></span> <span class='ocrx_word' id='word_1_218' title='bbox 920 3561 1110 3645; x_wconf 87' lang='lat' dir='ltr'><strong>aethereus,</strong></span> <span class='ocrx_word' id='word_1_219' title='bbox 1126 3571 1160 3627; x_wconf 88' lang='lat' dir='ltr'><strong>et</strong></span> <span class='ocrx_word' id='word_1_220' title='bbox 1180 3562 1266 3627; x_wconf 89' lang='lat' dir='ltr'><strong>illud</strong></span> <span class='ocrx_word' id='word_1_221' title='bbox 1286 3567 1337 3627; x_wconf 90' lang='lat' dir='ltr'><strong>est</strong></span> <span class='ocrx_word' id='word_1_222' title='bbox 1357 3561 1438 3626; x_wconf 88' lang='lat' dir='ltr'><strong>acti-</strong></span> 
     </span>
     <span class='ocr_line' id='line_1_27' title="bbox 292 3685 1437 3774; baseline -0.001 -21"><span class='ocrx_word' id='word_1_223' title='bbox 292 3687 472 3753; x_wconf 88' lang='lat' dir='ltr'><strong>vissimum</strong></span> <span class='ocrx_word' id='word_1_224' title='bbox 483 3694 518 3752; x_wconf 88' lang='lat' dir='ltr'><strong>et</strong></span> <span class='ocrx_word' id='word_1_225' title='bbox 530 3685 816 3771; x_wconf 84' lang='lat' dir='ltr'><strong>efficacissimum,</strong></span> <span class='ocrx_word' id='word_1_226' title='bbox 830 3692 952 3774; x_wconf 90' lang='lat' dir='ltr'><strong>utpote</strong></span> <span class='ocrx_word' id='word_1_227' title='bbox 965 3688 1100 3754; x_wconf 86' lang='lat' dir='ltr'><strong>animae</strong></span> <span class='ocrx_word' id='word_1_228' title='bbox 1117 3687 1437 3754; x_wconf 89' lang='lat' dir='ltr'><strong>coniunctissimum</strong></span> 
     </span>
    </p>
   </div>
   <div class='ocr_carea' id='block_1_5' title="bbox 293 3967 1440 4195">
    <p class='ocr_par' dir='ltr' id='par_1_5' title="bbox 293 3967 1440 4195">
     <span class='ocr_line' id='line_1_28' title="bbox 385 3967 1436 4036; baseline 0.002 -19"><span class='ocrx_word' id='word_1_229' title='bbox 385 3968 556 4019; x_wconf 73' lang='lat' dir='ltr'><strong>ssadstricta</strong></span> <span class='ocrx_word' id='word_1_230' title='bbox 576 3969 608 4020; x_wconf 80' lang='lat' dir='ltr'><strong>O:</strong></span> <span class='ocrx_word' id='word_1_231' title='bbox 626 3971 745 4019; x_wconf 82' lang='lat' dir='ltr'><strong>astricte</strong></span> <span class='ocrx_word' id='word_1_232' title='bbox 762 3967 795 4016; x_wconf 93' lang='grc' dir='ltr'><em>Μ</em></span> <span class='ocrx_word' id='word_1_233' title='bbox 855 3969 885 4018; x_wconf 90' lang='grc'><strong>19</strong></span> <span class='ocrx_word' id='word_1_234' title='bbox 902 3969 1003 4019; x_wconf 87' lang='lat' dir='ltr'><strong>modus</strong></span> <span class='ocrx_word' id='word_1_235' title='bbox 1020 3969 1063 4017; x_wconf 80' lang='grc' dir='ltr'><strong>ΜΙ</strong></span> <span class='ocrx_word' id='word_1_236' title='bbox 1126 3972 1251 4021; x_wconf 69' lang='lat' dir='ltr'><strong>armore</strong></span> <span class='ocrx_word' id='word_1_237' title='bbox 1270 3986 1369 4021; x_wconf 81' lang='lat' dir='ltr'><strong>corum</strong></span> <span class='ocrx_word' id='word_1_238' title='bbox 1387 3970 1436 4036; x_wconf 90' lang='lat' dir='ltr'><strong>qui</strong></span> 
     </span>
     <span class='ocr_line' id='line_1_29' title="bbox 293 4048 1440 4116; baseline 0.001 -17"><span class='ocrx_word' id='word_1_239' title='bbox 293 4048 367 4100; x_wconf 85' lang='lat' dir='ltr'><strong>idern</strong></span> <span class='ocrx_word' id='word_1_240' title='bbox 385 4049 531 4115; x_wconf 87' lang='lat' dir='ltr'><strong>appellant</strong></span> <span class='ocrx_word' id='word_1_241' title='bbox 547 4064 669 4099; x_wconf 84' lang='lat' dir='ltr'><strong>vacuum</strong></span> <span class='ocrx_word' id='word_1_242' title='bbox 687 4054 716 4099; x_wconf 89' lang='lat' dir='ltr'><strong>et</strong></span> <span class='ocrx_word' id='word_1_243' title='bbox 735 4048 831 4098; x_wconf 88' lang='lat' dir='ltr'><strong>locum</strong></span> <span class='ocrx_word' id='word_1_244' title='bbox 848 4064 905 4113; x_wconf 90' lang='lat' dir='ltr'><strong>quo</strong></span> <span class='ocrx_word' id='word_1_245' title='bbox 923 4055 1033 4099; x_wconf 83' lang='lat' dir='ltr'><strong>aerest</strong></span> <span class='ocrx_word' id='word_1_246' title='bbox 1053 4066 1139 4116; x_wconf 76' lang='lat' dir='ltr'><strong>mury.</strong></span> <span class='ocrx_word' id='word_1_247' title='bbox 1158 4067 1237 4101; x_wconf 77' lang='lat' dir='ltr'><strong>senza</strong></span> <span class='ocrx_word' id='word_1_248' title='bbox 1257 4050 1390 4104; x_wconf 78' lang='lat' dir='ltr'><strong>ricliiamo</strong></span> <span class='ocrx_word' id='word_1_249' title='bbox 1407 4050 1440 4100; x_wconf 83' lang='lat' dir='ltr'><em>M</em></span> 
     </span>
     <span class='ocr_line' id='line_1_30' title="bbox 293 4126 1437 4195; baseline 0.003 -15"><span class='ocrx_word' id='word_1_250' title='bbox 293 4131 324 4180; x_wconf 78' lang='lat'><strong>24</strong></span> <span class='ocrx_word' id='word_1_251' title='bbox 341 4131 369 4179; x_wconf 83' lang='lat' dir='ltr'><strong>lo</strong></span> <span class='ocrx_word' id='word_1_252' title='bbox 378 4127 492 4194; x_wconf 77' lang='lat' dir='ltr'><strong>postilla</strong></span> <span class='ocrx_word' id='word_1_253' title='bbox 504 4129 544 4179; x_wconf 82' lang='lat' dir='ltr'><strong>col</strong></span> <span class='ocrx_word' id='word_1_254' title='bbox 556 4146 664 4180; x_wconf 83' lang='lat' dir='ltr'><strong>numero</strong></span> <span class='ocrx_word' id='word_1_255' title='bbox 679 4129 750 4180; x_wconf 83' lang='lat' dir='ltr'><strong>della</strong></span> <span class='ocrx_word' id='word_1_256' title='bbox 764 4126 884 4178; x_wconf 64' lang='lat' dir='ltr'><strong>&#39;Tiresias’</strong></span> <span class='ocrx_word' id='word_1_257' title='bbox 900 4131 952 4195; x_wconf 87' lang='lat'><em>(18)</em></span> <span class='ocrx_word' id='word_1_258' title='bbox 967 4128 980 4178; x_wconf 75' lang='lat' dir='ltr'><strong>d</strong></span> <span class='ocrx_word' id='word_1_259' title='bbox 993 4147 1011 4180; x_wconf 84' lang='lat' dir='ltr'><strong><em>a</em></strong></span> <span class='ocrx_word' id='word_1_260' title='bbox 1018 4148 1049 4195; x_wconf 83' lang='lat' dir='ltr'><strong>p.</strong></span> <span class='ocrx_word' id='word_1_261' title='bbox 1066 4133 1127 4190; x_wconf 67' lang='lat'><strong>415,</strong></span> <span class='ocrx_word' id='word_1_262' title='bbox 1140 4133 1157 4180; x_wconf 87' lang='lat'><em>2</em></span> <span class='ocrx_word' id='word_1_263' title='bbox 1174 4131 1203 4182; x_wconf 81' lang='lat' dir='ltr'><strong>iu</strong></span> <span class='ocrx_word' id='word_1_264' title='bbox 1216 4132 1247 4181; x_wconf 84' lang='lat' dir='ltr'><em>M</em></span> <span class='ocrx_word' id='word_1_265' title='bbox 1293 4134 1333 4183; x_wconf 73' lang='lat'><strong>25.</strong></span> <span class='ocrx_word' id='word_1_266' title='bbox 1343 4133 1375 4183; x_wconf 72' lang='lat'><strong>26</strong></span> <span class='ocrx_word' id='word_1_267' title='bbox 1392 4137 1437 4183; x_wconf 83' lang='lat' dir='ltr'><strong>eet</strong></span> 
     </span>
    </p>
   </div>
   <div class='ocr_carea' id='block_1_6' title="bbox 294 4213 1437 4331">
    <p class='ocr_par' dir='ltr' id='par_1_6' title="bbox 294 4213 1437 4331">
     <span class='ocr_line' id='line_1_31' title="bbox 294 4213 1437 4331; baseline 0.003 -19"><span class='ocrx_word' id='word_1_268' title='bbox 294 4213 717 4328; x_wconf 51' lang='lat' dir='ltr'><strong>icpiiiisiiibiinniteffioaeissimum</strong></span> <span class='ocrx_word' id='word_1_269' title='bbox 740 4263 933 4329; x_wconf 85' lang='lat' dir='ltr'><strong>(aptissimum</strong></span> <span class='ocrx_word' id='word_1_270' title='bbox 957 4262 970 4311; x_wconf 72' lang='grc' dir='ltr'><em>ὲ</em></span> <span class='ocrx_word' id='word_1_271' title='bbox 991 4265 1147 4328; x_wconf 74' lang='lat' dir='ltr'><strong>ccrzccllato)</strong></span> <span class='ocrx_word' id='word_1_272' title='bbox 1162 4265 1194 4315; x_wconf 82' lang='lat' dir='ltr'><em>M</em></span> <span class='ocrx_word' id='word_1_273' title='bbox 1254 4266 1286 4315; x_wconf 81' lang='lat'><strong>‘26</strong></span> <span class='ocrx_word' id='word_1_274' title='bbox 1302 4266 1437 4331; x_wconf 86' lang='lat' dir='ltr'><strong>spiritum</strong></span> 
     </span>
    </p>
   </div>
   <div class='ocr_carea' id='block_1_7' title="bbox 294 4343 1439 4491">
    <p class='ocr_par' dir='ltr' id='par_1_7' title="bbox 294 4343 1439 4491">
     <span class='ocr_line' id='line_1_32' title="bbox 294 4343 1439 4410; baseline 0.003 -17"><span class='ocrx_word' id='word_1_275' title='bbox 294 4343 470 4409; x_wconf 83' lang='lat' dir='ltr'><strong>appellamus</strong></span> <span class='ocrx_word' id='word_1_276' title='bbox 487 4359 592 4409; x_wconf 82' lang='lat' dir='ltr'><strong>corpus</strong></span> <span class='ocrx_word' id='word_1_277' title='bbox 609 4343 716 4393; x_wconf 81' lang='lat' dir='ltr'><strong>subtile</strong></span> <span class='ocrx_word' id='word_1_278' title='bbox 738 4344 925 4406; x_wconf 83' lang='lat' dir='ltr'><strong>insensibile,</strong></span> <span class='ocrx_word' id='word_1_279' title='bbox 944 4346 1068 4395; x_wconf 87' lang='lat' dir='ltr'><strong>animam</strong></span> <span class='ocrx_word' id='word_1_280' title='bbox 1089 4360 1160 4394; x_wconf 88' lang='lat' dir='ltr'><strong>vero</strong></span> <span class='ocrx_word' id='word_1_281' title='bbox 1178 4346 1370 4396; x_wconf 82' lang='lat' dir='ltr'><strong>substantiam</strong></span> <span class='ocrx_word' id='word_1_282' title='bbox 1386 4361 1439 4410; x_wconf 88' lang='lat' dir='ltr'><strong>gu·</strong></span> 
     </span>
     <span class='ocr_line' id='line_1_33' title="bbox 294 4423 836 4491; baseline 0 -18"><span class='ocrx_word' id='word_1_283' title='bbox 294 4423 463 4475; x_wconf 84' lang='lat' dir='ltr'><strong>boruautem</strong></span> <span class='ocrx_word' id='word_1_284' title='bbox 477 4424 585 4491; x_wconf 86' lang='lat' dir='ltr'><strong>ubique</strong></span> <span class='ocrx_word' id='word_1_285' title='bbox 598 4429 689 4474; x_wconf 88' lang='lat' dir='ltr'><strong>totam</strong></span> <span class='ocrx_word' id='word_1_286' title='bbox 702 4441 789 4490; x_wconf 76' lang='lat' dir='ltr'><strong>orarp.</strong></span> <span class='ocrx_word' id='word_1_287' title='bbox 804 4423 836 4473; x_wconf 93' lang='grc' dir='ltr'><em>Μ</em></span> 
     </span>
    </p>
   </div>
   <div class='ocr_carea' id='block_1_8' title="bbox 0 0 1748 5108">
    <p class='ocr_par' dir='ltr' id='par_1_8' title="bbox 0 0 1748 5108">
     <span class='ocr_line' id='line_1_34' title="bbox 0 0 1748 5108; baseline 0 2"><span class='ocrx_word' id='word_1_288' title='bbox 0 0 1748 5108; x_wconf 95' lang='lat' dir='ltr'><strong> </strong></span> 
     </span>
    </p>
   </div>
  </div>
 </body>
</html>
