3488 5108
700 393 744 437 nn
764 393 878 438 nnavu
902 392 1079 438 uniuersus
1100 393 1172 437 nro.
1451 380 1510 439 517

292 616 299 628 Ι
367 547 435 612 alia
454 548 621 634 plurima,
641 570 728 633 quae
745 547 860 614 omnia
876 546 1075 613 referuntur
1091 547 1134 613 ad
1150 569 1236 634 opus
1252 548 1348 614 lucis.
1365 549 1420 613 Ita
1437 549 1511 614 sine

367 673 447 758 igne
462 673 552 737 nihil
567 672 701 738 faciunt
720 672 827 757 magi,
844 672 932 738 nihil
947 672 1105 754 sacrifici,
1126 672 1215 737 nihil
1234 672 1373 763 medici,
1391 673 1421 738 si
1437 696 1510 738 rem

366 799 518 886 penitius
536 797 708 888 inspicias,
728 798 916 885 Propterea
934 798 1135 864 dictumest
1153 799 1192 863 in
1210 798 1335 864 ultima
1356 799 1510 866 clausula

367 925 483 1011 ignem
499 947 571 990 esse
587 922 783 989 vehiculum
803 924 993 1010 specierum
1011 931 1046 988 et
1066 925 1246 989 virtutum.

322 1064 342 1126 5
455 1050 554 1128 Quod
572 1049 699 1115 attinet
728 1047 773 1113 ad
802 1048 886 1114 alias
911 1049 953 1114 de
972 1048 1053 1134 igne
1077 1048 1398 1136 contemplationes,
1418 1050 1510 1115 circa

365 1175 438 1242 eius
457 1184 588 1241 motum
612 1174 782 1241 discutere
804 1173 962 1261 pluribus
986 1174 1138 1260 pertinet
1167 1174 1211 1239 ad
1240 1174 1439 1261 physicum
1468 1175 1508 1240 il·

364 1299 424 1364 lud
455 1307 572 1365 tamen
603 1306 716 1386 potest
747 1299 791 1364 ad
825 1299 913 1364 hanc
947 1298 1218 1386 speculationem
1248 1299 1435 1385 pertinere,
1467 1307 1507 1365 ut

365 1424 598 1489 consideretur
627 1423 719 1488 ultra
743 1430 778 1488 et
802 1445 889 1508 quae
912 1423 1070 1510 superius
1086 1423 1394 1490 considerabantur
1417 1424 1507 1491 eirca

364 1556 494 1616 motum
514 1549 761 1615 elementorum
780 1570 840 1614 seu
859 1570 1040 1635 corporum
1068 1548 1106 1614 in
1130 1571 1191 1615 suo
1211 1549 1286 1615 loco
1306 1549 1507 1616 circularem

299 1675 417 1749 lovel
445 1673 621 1740 circularis
651 1674 823 1739 asseclam.
855 1674 932 1740 Lux
955 1696 1014 1740 seu
1037 1674 1145 1761 igme,
1176 1679 1216 1740 ut
1242 1674 1370 1739 insitus
1397 1674 1507 1740 estin

363 1799 523 1865 omnibus
541 1799 642 1864 rebus
662 1799 875 1886 compositis,
895 1799 1012 1887 potius
1040 1799 1146 1864 habet
1175 1806 1306 1864 motum
1335 1799 1506 1865 moventis

364 1946 465 2009 quam
480 1924 579 2007 moti,
592 1923 678 1989 illud
691 1924 783 1988 enim
800 1923 891 2009 quod
906 1929 1064 1989 movetur
1079 1946 1150 1990 non
1167 1923 1304 1988 videtur
1320 1946 1392 1989 esse
1404 1923 1507 2009 ignis,

362 2049 422 2114 sed
441 2049 606 2135 ignitum,
627 2049 716 2113 sicut
735 2049 772 2113 in
796 2049 915 2135 lignis,
934 2048 1168 2136 lampadibuS,
1188 2048 1225 2113 in
1245 2048 1397 2114 candelis
1416 2047 1507 2113 etin

363 2175 457 2241 omni
476 2174 634 2260 materia,
655 2196 742 2260 quae
762 2173 994 2257 comburitur,
1014 2174 1129 2239 evolat
1152 2173 1283 2257 fumus,
1304 2196 1426 2261 vapor,
1447 2174 1507 2259 qui

298 2308 339 2371 15
362 2299 561 2365 accensivae
580 2299 705 2365 virtuti
723 2298 938 2387 propinquus
957 2299 1091 2386 ignitus
1110 2306 1269 2386 apparet,
1289 2299 1382 2364 lucet
1400 2306 1434 2364 et
1454 2306 1506 2366 est

362 2424 553 2508 sensibilis,
573 2432 608 2489 et
627 2423 683 2489 hio
702 2423 829 2509 estqui
847 2423 957 2490 veluti
974 2424 1185 2490 contrarium
1202 2423 1339 2510 fugiens
1355 2446 1416 2511 per
1433 2448 1508 2512 spa·

362 2549 453 2614 cium
472 2571 531 2615 seu
551 2548 654 2614 inane
673 2547 902 2636 dispergitur,
922 2556 958 2614 et
990 2549 1113 2635 vulgus
1144 2548 1180 2614 id
1208 2549 1361 2636 appellat
1389 2549 1507 2636 ignem

362 2682 396 2740 et
415 2696 550 2740 sursum
571 2673 753 2739 ascendere
772 2673 872 2758 dicit,
890 2696 967 2739 cum
987 2680 1104 2739 tamen
1128 2696 1199 2739 nou
1231 2673 1341 2761 magis
1371 2696 1505 2739 sursum

363 2822 466 2884 quam
497 2799 540 2866 ad
569 2821 686 2865 omnes
714 2800 752 2864 in
782 2800 999 2887 sphaericum
1022 2799 1236 2866 differentias
1256 2805 1380 2883 agatur
1398 2822 1507 2886 vapor

294 2944 338 3007 20
361 2925 503 3011 ignitus.
533 2924 691 2991 Ponitius
710 2945 791 2989 vero
815 2946 878 2989 nos
897 2925 946 2989 rei
966 2932 1126 2991 naturam
1150 2923 1388 3010 inspicientes,
1409 2924 1507 2990 illum

361 3052 488 3137 ignem,
509 3051 570 3135 qui
590 3050 767 3115 candelam
784 3072 961 3116 accensam
980 3056 1096 3115 servat
1110 3055 1145 3115 et
1164 3049 1261 3115 euius
1279 3032 1411 3114 semina
1431 3050 1508 3114 suh

362 3174 541 3241 stantialia
559 3182 866 3263 permanent,n0n
883 3174 1030 3240 dicimus
1049 3197 1121 3240 esse
1137 3173 1325 3258 flammam,
1345 3173 1404 3240 sed
1421 3172 1506 3239 illud

362 3299 454 3386 quod
473 3300 667 3366 inflammet
684 3322 859 3388 vaporem,
885 3323 943 3366 seu
964 3299 1056 3386 quod
1085 3299 1260 3366 flammam
1291 3299 1452 3386 producit
1472 3306 1507 3364 et

361 3425 477 3490 lumen
495 3425 582 3491 illud
593 3426 792 3510 eiaculatur,
810 3432 844 3490 et
859 3425 922 3490 hoc
938 3432 1118 3512 permanet
1130 3425 1168 3490 in
1182 3425 1324 3491 candela
1342 3423 1506 3511 quamdiu

294 3565 337 3629 25
362 3573 505 3615 accensa
524 3551 604 3632 erit,
624 3557 659 3616 et
677 3550 843 3638 pabulum
862 3549 915 3615 illi
933 3549 1125 3636 praebebit,
1147 3549 1240 3636 qnod
1264 3572 1345 3617 vero
1376 3548 1505 3631 evolat,

362 3683 401 3740 ut
420 3675 636 3760 dictumest,
656 3683 709 3740 est
732 3674 893 3740 candelae
913 3675 1121 3758 substantia,
1142 3697 1201 3740 seu
1220 3674 1307 3759 sevi,
1328 3695 1425 3739 cerae
1445 3694 1505 3738 seu

362 3801 437 3885 olei,
451 3800 488 3864 in
500 3822 663 3887 vaporem
680 3823 778 3865 versa
790 3806 823 3865 et
837 3798 1061 3883 inflammata,
1080 3823 1167 3886 quae
1178 3801 1227 3866 ita
1241 3801 1407 3866 continuo
1425 3799 1505 3864 fluit

454 4074 470 4121 3
486 4073 516 4123 iu
532 4073 635 4122 ultima
651 4071 780 4122 clausula
795 4071 856 4120 nell’
865 4069 1009 4122 intertiata
1023 4071 1054 4122 M
1059 4089 1065 4138 5
1080 4089 1104 4122 v.
1123 4087 1208 4135 sopra
1219 4089 1247 4136 p.
1259 4073 1319 4133 512,
1334 4073 1369 4121 26
1431 4073 1447 4123 4
1464 4071 1505 4122 in·

360 4143 963 4218 nanziaspecierumcancellaee(eese)M
1026 4152 1246 4218 GphisieumM
1307 4153 1507 4221 ipoteethu·

361 4242 440 4285 tatur
456 4227 502 4283 Ml
565 4235 582 4283 8
592 4235 669 4298 sorae
686 4234 906 4284 considerentur
971 4238 1009 4292 et]
1033 4247 1066 4283 ea
1086 4225 1133 4282 Ml
1198 4233 1342 4297 superins]
1360 4233 1395 4297 cs.
1418 4250 1504 4299 sopra

1000 4322 1085 4357 motum

358 4386 387 4433 p.
403 4370 464 4429 41⁷,
476 4369 583 4427 16-419,
596 4369 639 4417 28.
655 4368 722 4427 468,
739 4368 855 4428 13-470,
873 4369 888 4416 7
951 4368 981 4418 ll
999 4373 1107 4418 motum
1119 4367 1285 4433 (caracallam)
1297 4364 1330 4417 M
1390 4367 1421 4417 14
1437 4374 1502 4420 nota

360 4448 510 4515 aaarqimlc
519 4465 586 4513 poco
601 4445 721 4514 loppibilc
734 4446 764 4498 ia
775 4446 806 4498 M
868 4448 901 4499 26
918 4448 997 4499 saevi
1009 4447 1041 4498 M
