3488 5108
346 369 384 431 76
782 384 923 429 mamm
943 382 1046 429 aavm

345 542 459 608 dinem
480 563 561 627 erga
582 540 824 606 Prometheum
851 539 889 604 in
907 537 1126 625 plasmatoris
1144 537 1299 624 ipsorum
1318 536 1486 602 defensio

344 658 425 733 nem
443 688 513 732 non
533 656 785 733 accurrentums

434 792 536 857 XXI.
560 791 713 857 Facilem
732 790 865 857 aditum
885 790 1053 878 praebens
1076 790 1294 876 significatur
1316 811 1378 876 per
1396 789 1484 854 Mer-

346 918 493 1003 curium,
513 917 606 984 Iovis
624 916 841 999 ministrum,
862 915 1010 982 caduceo
1029 936 1170 982 corvum
1194 914 1392 1002 abigentem
1410 921 1446 980 et
1465 938 1485 980 a

301 1040 322 1104 5
344 1043 495 1111 vinculis
515 1044 520 1131 Ι
541 1044 633 1110 Iovis
652 1050 836 1131 praecepto
855 1041 1097 1108 exsolventem.
1510 1039 1619 1102 131*

432 1172 553 1238 XXII.
578 1171 740 1238 Desidem
754 1169 929 1257 significat
948 1169 1202 1235 absolutionem
1218 1168 1368 1235 vulturis
1388 1191 1409 1233 a
1424 1190 1483 1233 ne-

344 1299 449 1385 gotio.

432 1423 573 1490 XXIII.
597 1423 786 1489 Absentem
799 1427 898 1487 notat
914 1419 1057 1485 Caucasi
1070 1440 1167 1484 mons
1183 1419 1258 1484 sine
1271 1416 1484 1483 Prometheo.

432 1549 567 1615 XXIV.
593 1548 801 1613 Influentem
816 1553 917 1612 notat
935 1544 1062 1611 fluvius
1077 1544 1118 1609 de
1135 1542 1340 1610 celsitudine
1357 1542 1486 1609 montis

279 1681 321 1746 10
343 1675 513 1743 decidens.

431 1803 548 1870 XXV.
573 1801 839 1868 Perturbantem
866 1808 966 1867 notat
992 1801 1142 1887 impetus
1162 1821 1328 1885 aquarum
1360 1800 1397 1866 in
1416 1806 1487 1866 tur-

343 1930 462 1996 bidum
481 1927 626 1994 fluvium
645 1925 925 1993 excrescentium.

432 2055 565 2121 XXVI.
590 2053 850 2121 Custodientem
865 2059 900 2119 et
916 2060 1177 2120 conservantem
1193 2060 1294 2121 notat
1311 2055 1427 2141 Argus
1441 2054 1484 2120 ad

343 2182 488 2248 fluvium
506 2148 646 2246 vaccam
665 2179 848 2245 Iunoniam
868 2178 1005 2245 ducens.

278 2313 320 2379 15
431 2306 583 2372 XXVII.
608 2304 799 2371 Ornantem
817 2311 852 2370 et
870 2312 1062 2370 armantem
1078 2304 1239 2389 designat
1257 2304 1391 2392 Iupiter
1406 2328 1484 2371 vac

344 2454 418 2498 cam
437 2432 474 2496 in
493 2430 677 2518 pristinam
696 2430 843 2496 formam
862 2411 1042 2495 remittens
1062 2438 1096 2494 et
1115 2450 1295 2516 reponens.

432 2556 603 2622 XXVIH.
639 2556 908 2622 Conservantem
944 2563 979 2620 et
1011 2555 1186 2620 foventem
1217 2561 1316 2621 notat
1348 2555 1482 2642 Iupiter

342 2681 486 2748 eandem
505 2705 525 2747 a
544 2682 688 2748 Iunonis
707 2681 785 2747 odie
805 2688 915 2748 tuens.

430 2806 570 2871 XXIX.
596 2806 846 2893 Suggerentem
872 2813 971 2872 notat
998 2805 1151 2892 Erynnis
1176 2829 1195 2870 a
1219 2804 1351 2871 Iunone
1371 2806 1483 2871 conci-

275 2938 320 3002 20
343 2939 417 2998 tata
436 2931 480 2997 ad
499 2932 775 3018 indignationem
794 2930 1081 2998 exsuscitandam.

430 3058 551 3123 XXX.
585 3058 774 3123 Faventem
805 3067 839 3122 et
871 3035 1111 3145 protegentem
1144 3057 1318 3143 significat
1348 3058 1484 3124 munita

341 3181 538 3250 Promethei
556 3182 687 3250 domus.

429 3309 563 3387 Quibus
582 3309 741 3375 omnibus
769 3303 935 3394 indagare
963 3275 1044 3375 licet
1071 3311 1184 3376 varias
1208 3316 1242 3374 et
1272 3310 1482 3397 multiplices

341 3435 505 3519 rationes,
527 3436 651 3521 quibus
682 3436 807 3521 aliquis
837 3458 943 3522 agens
962 3436 1206 3502 denominatur
1237 3444 1271 3502 et
1296 3459 1415 3503 caussa
1434 3438 1481 3502 ef-

274 3560 317 3626 25
340 3560 467 3626 ficiens.
493 3562 606 3648 Agere
625 3562 718 3627 enim
737 3552 948 3649 iiitelligitur
965 3564 1093 3629 bonum
1108 3564 1164 3629 vel
1179 3563 1322 3647 malum,
1343 3563 1403 3648 qui
1422 3562 1482 3629 bo-

341 3708 403 3752 nos
415 3688 566 3753 malosve
580 3689 742 3776 protegit,
756 3688 915 3770 custodit,
930 3698 1119 3772 conservat,
1131 3691 1266 3755 etiamsi
1279 3712 1341 3776 per
1357 3712 1393 3755 se
1408 3711 1478 3754 non

340 3822 435 3898 agat;
463 3814 523 3900 qui
541 3822 667 3900 armat,
688 3823 801 3896 ornat,
822 3816 976 3898 roborat,
999 3815 1136 3898 liberat,
1159 3816 1305 3896 exaltat,
1336 3815 1395 3900 qui
1424 3836 1481 3880 cu·

341 3934 460 4025 stodit,
480 3943 608 4029 pascit;
630 3944 689 4028 qui
709 3942 894 4008 conturbat
918 3944 1088 4009 contrarie
1109 3949 1290 4030 operantes
1313 3943 1369 4008 vel
1389 3943 1483 4028 quie-

433 4206 483 4255 45
499 4205 669 4269 abigentem,
688 4209 717 4255 et
729 4221 746 4254 a
759 4204 884 4255 vinculis
893 4206 926 4254 Μ
932 4223 938 4255 :
952 4206 1094 4270 abigente,
1106 4211 1135 4256 et
1148 4207 1183 4257 ab
1197 4207 1334 4258 incolisA
1398 4208 1413 4256 6
1430 4208 1483 4258 De·

340 4287 432 4338 aina...
449 4301 520 4335 corr.
540 4283 570 4334 ia
593 4284 724 4335 Desidem
745 4302 760 4332 o
784 4285 918 4335 uiceveraa
939 4287 960 4335 A
1036 4285 1104 4352 leyys'
1119 4288 1264 4339 absolutio
1340 4293 1356 4341 8
1378 4291 1483 4341 Cauca-

340 4371 373 4426 si]
388 4366 424 4418 aie
442 4366 499 4416 AM
559 4365 706 4425 9XXlV.]
723 4358 758 4416 ’Β
771 4365 856 4431 ripeta
870 4365 892 4414 A
901 4402 909 4425 ,
927 4367 1095 4432 deceperat
1114 4369 1245 4420 inumeri
1261 4371 1377 4438 sequenti
1396 4389 1482 4421 cuano

335 4449 393 4512 fico
410 4467 427 4498 a
439 4441 566 4498 ‘satam
579 4447 624 4497 che
637 4465 653 4495 a
663 4439 697 4497 {0
760 4449 793 4498 de
807 4464 877 4497 corr.
895 4449 930 4498 21:
947 4465 981 4498 ex
994 4449 1025 4497 M
1087 4451 1118 4498 19
1132 4451 1267 4515 Erynnis]
1283 4450 1320 4502 sic
1332 4453 1390 4503 ΑΜ
