<?xml version="1.0" encoding="UTF-8"?>
<!DOCTYPE html PUBLIC "-//W3C//DTD XHTML 1.0 Transitional//EN"
    "http://www.w3.org/TR/xhtml1/DTD/xhtml1-transitional.dtd">
<html xmlns="http://www.w3.org/1999/xhtml" xml:lang="en" lang="en">
 <head>
  <title>
</title>
<meta http-equiv="Content-Type" content="text/html;charset=utf-8" />
  <meta name='ocr-system' content='tesseract 3.04.00' />
  <meta name='ocr-capabilities' content='ocr_page ocr_carea ocr_par ocr_line ocrx_word'/>
</head>
<body>
  <div class='ocr_page' id='page_1' title='image "./jordanibruninol05brungoog_0162.png"; bbox 0 0 3488 5108; ppageno 0'>
   <div class='ocr_carea' id='block_1_1' title="bbox 671 406 1511 465">
    <p class='ocr_par' dir='ltr' id='par_1_1' title="bbox 671 406 1511 465">
     <span class='ocr_line' id='line_1_1' title="bbox 671 406 1511 465; baseline 0.004 -3"><span class='ocrx_word' id='word_1_1' title='bbox 671 416 801 462; x_wconf 70' lang='lat' dir='ltr'>aruris</span> <span class='ocrx_word' id='word_1_2' title='bbox 821 417 980 464; x_wconf 75' lang='lat' dir='ltr'>amorum</span> <span class='ocrx_word' id='word_1_3' title='bbox 1002 419 1208 465; x_wconf 74' lang='lat' dir='ltr'>srarvsavu.</span> <span class='ocrx_word' id='word_1_4' title='bbox 1471 406 1511 465; x_wconf 86' lang='lat'>93</span> 
     </span>
    </p>
   </div>
   <div class='ocr_carea' id='block_1_2' title="bbox 324 576 1655 1673">
    <p class='ocr_par' dir='ltr' id='par_1_2' title="bbox 368 576 1512 1043">
     <span class='ocr_line' id='line_1_2' title="bbox 368 576 1512 666; baseline 0.001 -22"><span class='ocrx_word' id='word_1_5' title='bbox 368 599 450 644; x_wconf 89' lang='lat' dir='ltr'>vero</span> <span class='ocrx_word' id='word_1_6' title='bbox 469 577 614 644; x_wconf 88' lang='lat' dir='ltr'>formam</span> <span class='ocrx_word' id='word_1_7' title='bbox 633 576 802 644; x_wconf 80' lang='lat' dir='ltr'>laboriose</span> <span class='ocrx_word' id='word_1_8' title='bbox 821 582 925 666; x_wconf 88' lang='lat' dir='ltr'>atque</span> <span class='ocrx_word' id='word_1_9' title='bbox 944 601 1034 663; x_wconf 88' lang='lat' dir='ltr'>rare,</span> <span class='ocrx_word' id='word_1_10' title='bbox 1055 579 1206 665; x_wconf 82' lang='lat' dir='ltr'>haecque</span> <span class='ocrx_word' id='word_1_11' title='bbox 1224 580 1326 645; x_wconf 91' lang='lat' dir='ltr'>unica</span> <span class='ocrx_word' id='word_1_12' title='bbox 1346 587 1411 665; x_wconf 88' lang='lat' dir='ltr'>est,</span> <span class='ocrx_word' id='word_1_13' title='bbox 1431 581 1512 646; x_wconf 87' lang='lat' dir='ltr'>illae</span> 
     </span>
     <span class='ocr_line' id='line_1_3' title="bbox 370 702 1512 793; baseline 0.003 -24"><span class='ocrx_word' id='word_1_14' title='bbox 370 702 591 790; x_wconf 78' lang='lat' dir='ltr'>multiplices,</span> <span class='ocrx_word' id='word_1_15' title='bbox 617 704 698 789; x_wconf 90' lang='lat' dir='ltr'>quia</span> <span class='ocrx_word' id='word_1_16' title='bbox 726 703 892 787; x_wconf 90' lang='lat' dir='ltr'>rationes,</span> <span class='ocrx_word' id='word_1_17' title='bbox 921 704 1051 791; x_wconf 87' lang='lat' dir='ltr'>figurae</span> <span class='ocrx_word' id='word_1_18' title='bbox 1079 714 1114 772; x_wconf 89' lang='lat' dir='ltr'>et</span> <span class='ocrx_word' id='word_1_19' title='bbox 1142 711 1237 771; x_wconf 88' lang='lat' dir='ltr'>actus</span> <span class='ocrx_word' id='word_1_20' title='bbox 1267 705 1512 793; x_wconf 75' lang='lat' dir='ltr'>perfectissimi</span> 
     </span>
     <span class='ocr_line' id='line_1_4' title="bbox 369 829 1511 917; baseline 0.003 -22"><span class='ocrx_word' id='word_1_21' title='bbox 369 836 450 895; x_wconf 90' lang='lat' dir='ltr'>sunt</span> <span class='ocrx_word' id='word_1_22' title='bbox 475 852 567 914; x_wconf 89' lang='lat' dir='ltr'>raro,</span> <span class='ocrx_word' id='word_1_23' title='bbox 586 830 624 894; x_wconf 91' lang='lat' dir='ltr'>in</span> <span class='ocrx_word' id='word_1_24' title='bbox 642 829 761 917; x_wconf 83' lang='lat' dir='ltr'>paucis</span> <span class='ocrx_word' id='word_1_25' title='bbox 785 837 819 895; x_wconf 90' lang='lat' dir='ltr'>et</span> <span class='ocrx_word' id='word_1_26' title='bbox 842 830 1049 917; x_wconf 76' lang='lat' dir='ltr'>singulares,</span> <span class='ocrx_word' id='word_1_27' title='bbox 1075 832 1156 917; x_wconf 90' lang='lat' dir='ltr'>quia</span> <span class='ocrx_word' id='word_1_28' title='bbox 1179 838 1214 897; x_wconf 88' lang='lat' dir='ltr'>et</span> <span class='ocrx_word' id='word_1_29' title='bbox 1238 855 1280 898; x_wconf 83' lang='lat' dir='ltr'>ex</span> <span class='ocrx_word' id='word_1_30' title='bbox 1303 832 1511 899; x_wconf 83' lang='lat' dir='ltr'>animalibus</span> 
     </span>
     <span class='ocr_line' id='line_1_5' title="bbox 368 954 1402 1043; baseline 0.002 -23"><span class='ocrx_word' id='word_1_31' title='bbox 368 954 629 1043; x_wconf 83' lang='lat' dir='ltr'>perfectissimis</span> <span class='ocrx_word' id='word_1_32' title='bbox 647 955 812 1042; x_wconf 87' lang='lat' dir='ltr'>pauciora</span> <span class='ocrx_word' id='word_1_33' title='bbox 830 976 1010 1021; x_wconf 90' lang='lat' dir='ltr'>numerare</span> <span class='ocrx_word' id='word_1_34' title='bbox 1029 955 1109 1022; x_wconf 91' lang='lat' dir='ltr'>licet</span> <span class='ocrx_word' id='word_1_35' title='bbox 1129 979 1232 1043; x_wconf 90' lang='lat' dir='ltr'>quam</span> <span class='ocrx_word' id='word_1_36' title='bbox 1253 980 1294 1023; x_wconf 88' lang='lat' dir='ltr'>ex</span> <span class='ocrx_word' id='word_1_37' title='bbox 1312 958 1402 1024; x_wconf 92' lang='lat' dir='ltr'>aliis.</span> 
     </span>
    </p>

    <p class='ocr_par' dir='ltr' id='par_1_3' title="bbox 324 1073 1655 1673">
     <span class='ocr_line' id='line_1_6' title="bbox 324 1073 1513 1168; baseline 0.003 -22"><span class='ocrx_word' id='word_1_38' title='bbox 324 1073 345 1136; x_wconf 80' lang='grc'>5</span> <span class='ocrx_word' id='word_1_39' title='bbox 457 1081 592 1147; x_wconf 88' lang='lat' dir='ltr'><strong>XVHI.</strong></span> <span class='ocrx_word' id='word_1_40' title='bbox 616 1080 781 1146; x_wconf 85' lang='lat' dir='ltr'>Facultas</span> <span class='ocrx_word' id='word_1_41' title='bbox 799 1080 983 1167; x_wconf 85' lang='lat' dir='ltr'>generalis,</span> <span class='ocrx_word' id='word_1_42' title='bbox 1009 1104 1078 1168; x_wconf 92' lang='lat' dir='ltr'>qua</span> <span class='ocrx_word' id='word_1_43' title='bbox 1100 1081 1137 1148; x_wconf 91' lang='lat' dir='ltr'>in</span> <span class='ocrx_word' id='word_1_44' title='bbox 1162 1104 1279 1149; x_wconf 90' lang='lat' dir='ltr'>omnes</span> <span class='ocrx_word' id='word_1_45' title='bbox 1303 1082 1432 1151; x_wconf 88' lang='lat' dir='ltr'>formas</span> <span class='ocrx_word' id='word_1_46' title='bbox 1455 1085 1513 1149; x_wconf 87' lang='lat' dir='ltr'>de·</span> 
     </span>
     <span class='ocr_line' id='line_1_7' title="bbox 368 1204 1511 1296; baseline 0.005 -26"><span class='ocrx_word' id='word_1_47' title='bbox 368 1205 511 1272; x_wconf 89' lang='lat' dir='ltr'>terieres</span> <span class='ocrx_word' id='word_1_48' title='bbox 530 1205 632 1272; x_wconf 89' lang='lat' dir='ltr'>facile</span> <span class='ocrx_word' id='word_1_49' title='bbox 650 1212 817 1289; x_wconf 90' lang='lat' dir='ltr'>mutatur,</span> <span class='ocrx_word' id='word_1_50' title='bbox 842 1228 905 1292; x_wconf 91' lang='lat' dir='ltr'>per</span> <span class='ocrx_word' id='word_1_51' title='bbox 927 1204 1038 1273; x_wconf 84' lang='lat' dir='ltr'>Chaos</span> <span class='ocrx_word' id='word_1_52' title='bbox 1063 1208 1357 1296; x_wconf 85' lang='lat' dir='ltr'>Anaxagoricum,</span> <span class='ocrx_word' id='word_1_53' title='bbox 1382 1209 1420 1275; x_wconf 90' lang='lat' dir='ltr'>in</span> <span class='ocrx_word' id='word_1_54' title='bbox 1444 1232 1511 1296; x_wconf 91' lang='lat' dir='ltr'>quo</span> 
     </span>
     <span class='ocr_line' id='line_1_8' title="bbox 369 1330 1507 1420; baseline 0.004 -24"><span class='ocrx_word' id='word_1_55' title='bbox 369 1339 421 1397; x_wconf 89' lang='lat' dir='ltr'>est</span> <span class='ocrx_word' id='word_1_56' title='bbox 430 1330 605 1398; x_wconf 83' lang='lat' dir='ltr'>inchoatio</span> <span class='ocrx_word' id='word_1_57' title='bbox 619 1331 773 1397; x_wconf 89' lang='lat' dir='ltr'>omnium</span> <span class='ocrx_word' id='word_1_58' title='bbox 789 1330 991 1415; x_wconf 88' lang='lat' dir='ltr'>formarum,</span> <span class='ocrx_word' id='word_1_59' title='bbox 1007 1332 1117 1398; x_wconf 88' lang='lat' dir='ltr'>veluti</span> <span class='ocrx_word' id='word_1_60' title='bbox 1131 1332 1169 1398; x_wconf 89' lang='lat' dir='ltr'>in</span> <span class='ocrx_word' id='word_1_61' title='bbox 1186 1332 1328 1401; x_wconf 85' lang='lat' dir='ltr'>confuso</span> <span class='ocrx_word' id='word_1_62' title='bbox 1341 1343 1375 1401; x_wconf 89' lang='lat' dir='ltr'>et</span> <span class='ocrx_word' id='word_1_63' title='bbox 1387 1335 1507 1420; x_wconf 86' lang='lat' dir='ltr'>mixto,</span> 
     </span>
     <span class='ocr_line' id='line_1_9' title="bbox 369 1455 1510 1544; baseline 0.003 -21"><span class='ocrx_word' id='word_1_64' title='bbox 369 1456 460 1542; x_wconf 89' lang='lat' dir='ltr'>quod</span> <span class='ocrx_word' id='word_1_65' title='bbox 475 1455 566 1524; x_wconf 86' lang='lat' dir='ltr'>forte</span> <span class='ocrx_word' id='word_1_66' title='bbox 582 1464 634 1522; x_wconf 89' lang='lat' dir='ltr'>est</span> <span class='ocrx_word' id='word_1_67' title='bbox 650 1456 806 1523; x_wconf 85' lang='lat' dir='ltr'>Thetidis</span> <span class='ocrx_word' id='word_1_68' title='bbox 821 1456 1009 1544; x_wconf 85' lang='lat' dir='ltr'>speculum,</span> <span class='ocrx_word' id='word_1_69' title='bbox 1026 1458 1063 1522; x_wconf 90' lang='lat' dir='ltr'>in</span> <span class='ocrx_word' id='word_1_70' title='bbox 1080 1479 1147 1544; x_wconf 91' lang='lat' dir='ltr'>quo</span> <span class='ocrx_word' id='word_1_71' title='bbox 1164 1481 1235 1524; x_wconf 91' lang='lat' dir='ltr'>non</span> <span class='ocrx_word' id='word_1_72' title='bbox 1251 1482 1286 1524; x_wconf 91' lang='lat' dir='ltr'>se</span> <span class='ocrx_word' id='word_1_73' title='bbox 1302 1460 1510 1526; x_wconf 82' lang='lat' dir='ltr'>uniformem</span> 
     </span>
     <span class='ocr_line' id='line_1_10' title="bbox 368 1580 1655 1673; baseline 0.003 -26"><span class='ocrx_word' id='word_1_74' title='bbox 368 1588 403 1648; x_wconf 90' lang='lat' dir='ltr'>et</span> <span class='ocrx_word' id='word_1_75' title='bbox 422 1580 636 1670; x_wconf 84' lang='lat' dir='ltr'>explicitam,</span> <span class='ocrx_word' id='word_1_76' title='bbox 658 1584 662 1667; x_wconf 90' lang='grc' dir='ltr'>Ι</span> <span class='ocrx_word' id='word_1_77' title='bbox 684 1581 742 1648; x_wconf 88' lang='lat' dir='ltr'>sed</span> <span class='ocrx_word' id='word_1_78' title='bbox 761 1582 799 1647; x_wconf 91' lang='lat' dir='ltr'>in</span> <span class='ocrx_word' id='word_1_79' title='bbox 818 1583 967 1668; x_wconf 90' lang='lat' dir='ltr'>quadam</span> <span class='ocrx_word' id='word_1_80' title='bbox 991 1581 1192 1649; x_wconf 90' lang='lat' dir='ltr'>confusione</span> <span class='ocrx_word' id='word_1_81' title='bbox 1216 1592 1250 1650; x_wconf 93' lang='lat' dir='ltr'>et</span> <span class='ocrx_word' id='word_1_82' title='bbox 1274 1584 1511 1673; x_wconf 88' lang='lat' dir='ltr'>implicatione</span> <span class='ocrx_word' id='word_1_83' title='bbox 1536 1586 1655 1650; x_wconf 72' lang='grc' dir='ltr'>138ν</span> 
     </span>
    </p>
   </div>
   <div class='ocr_carea' id='block_1_3' title="bbox 303 1703 893 1795">
    <p class='ocr_par' dir='ltr' id='par_1_4' title="bbox 303 1703 893 1795">
     <span class='ocr_line' id='line_1_11' title="bbox 303 1703 893 1795; baseline -0.003 -20"><span class='ocrx_word' id='word_1_84' title='bbox 303 1703 345 1767; x_wconf 89' lang='grc'>10</span> <span class='ocrx_word' id='word_1_85' title='bbox 367 1706 610 1775; x_wconf 89' lang='lat' dir='ltr'>omniformem</span> <span class='ocrx_word' id='word_1_86' title='bbox 630 1709 893 1795; x_wconf 88' lang='lat' dir='ltr'>contemplatur.</span> 
     </span>
    </p>
   </div>
   <div class='ocr_carea' id='block_1_4' title="bbox 295 1832 1510 3910">
    <p class='ocr_par' dir='ltr' id='par_1_5' title="bbox 365 1832 1510 2174">
     <span class='ocr_line' id='line_1_12' title="bbox 455 1832 1510 1922; baseline 0.004 -25"><span class='ocrx_word' id='word_1_87' title='bbox 455 1833 557 1897; x_wconf 90' lang='lat' dir='ltr'>XIX.</span> <span class='ocrx_word' id='word_1_88' title='bbox 582 1832 683 1898; x_wconf 88' lang='lat' dir='ltr'>Peleo</span> <span class='ocrx_word' id='word_1_89' title='bbox 703 1832 843 1900; x_wconf 85' lang='lat' dir='ltr'>tandem</span> <span class='ocrx_word' id='word_1_90' title='bbox 860 1833 985 1900; x_wconf 88' lang='lat' dir='ltr'>coniux</span> <span class='ocrx_word' id='word_1_91' title='bbox 1004 1833 1212 1919; x_wconf 87' lang='lat' dir='ltr'>destinatur,</span> <span class='ocrx_word' id='word_1_92' title='bbox 1239 1835 1320 1920; x_wconf 90' lang='lat' dir='ltr'>quia</span> <span class='ocrx_word' id='word_1_93' title='bbox 1345 1836 1510 1922; x_wconf 86' lang='lat' dir='ltr'>quicquid</span> 
     </span>
     <span class='ocr_line' id='line_1_13' title="bbox 365 1959 1510 2048; baseline 0.003 -23"><span class='ocrx_word' id='word_1_94' title='bbox 365 1960 411 2026; x_wconf 90' lang='lat' dir='ltr'>sit</span> <span class='ocrx_word' id='word_1_95' title='bbox 431 1959 473 2026; x_wconf 84' lang='lat' dir='ltr'>de</span> <span class='ocrx_word' id='word_1_96' title='bbox 492 1961 566 2027; x_wconf 90' lang='lat' dir='ltr'>eius</span> <span class='ocrx_word' id='word_1_97' title='bbox 584 1961 723 2048; x_wconf 89' lang='lat' dir='ltr'>passiva</span> <span class='ocrx_word' id='word_1_98' title='bbox 742 1966 777 2027; x_wconf 89' lang='lat' dir='ltr'>et</span> <span class='ocrx_word' id='word_1_99' title='bbox 795 1960 1058 2029; x_wconf 88' lang='lat' dir='ltr'>formabilitatis</span> <span class='ocrx_word' id='word_1_100' title='bbox 1076 1963 1251 2048; x_wconf 90' lang='lat' dir='ltr'>potentia,</span> <span class='ocrx_word' id='word_1_101' title='bbox 1275 1970 1314 2029; x_wconf 89' lang='lat' dir='ltr'>ut</span> <span class='ocrx_word' id='word_1_102' title='bbox 1337 1970 1453 2029; x_wconf 89' lang='lat' dir='ltr'>tamen</span> <span class='ocrx_word' id='word_1_103' title='bbox 1472 1963 1510 2030; x_wconf 91' lang='lat' dir='ltr'>in</span> 
     </span>
     <span class='ocr_line' id='line_1_14' title="bbox 366 2085 1231 2174; baseline 0.003 -24"><span class='ocrx_word' id='word_1_104' title='bbox 366 2093 482 2151; x_wconf 91' lang='lat' dir='ltr'>actum</span> <span class='ocrx_word' id='word_1_105' title='bbox 502 2086 658 2173; x_wconf 87' lang='lat' dir='ltr'>prodeat,</span> <span class='ocrx_word' id='word_1_106' title='bbox 680 2085 841 2152; x_wconf 86' lang='lat' dir='ltr'>efficienti</span> <span class='ocrx_word' id='word_1_107' title='bbox 861 2087 1066 2153; x_wconf 89' lang='lat' dir='ltr'>subiiciatur</span> <span class='ocrx_word' id='word_1_108' title='bbox 1085 2094 1231 2174; x_wconf 88' lang='lat' dir='ltr'>oportet.</span> 
     </span>
    </p>

    <p class='ocr_par' dir='ltr' id='par_1_6' title="bbox 454 2210 1509 2299">
     <span class='ocr_line' id='line_1_15' title="bbox 454 2210 1509 2299; baseline 0.006 -24"><span class='ocrx_word' id='word_1_109' title='bbox 454 2210 537 2276; x_wconf 90' lang='lat' dir='ltr'>XX.</span> <span class='ocrx_word' id='word_1_110' title='bbox 562 2211 647 2276; x_wconf 84' lang='lat' dir='ltr'>Eius</span> <span class='ocrx_word' id='word_1_111' title='bbox 670 2212 814 2298; x_wconf 86' lang='lat' dir='ltr'>nuptiae</span> <span class='ocrx_word' id='word_1_112' title='bbox 839 2212 877 2277; x_wconf 91' lang='lat' dir='ltr'>in</span> <span class='ocrx_word' id='word_1_113' title='bbox 903 2212 998 2279; x_wconf 93' lang='lat' dir='ltr'>Pelio</span> <span class='ocrx_word' id='word_1_114' title='bbox 1022 2220 1140 2279; x_wconf 90' lang='lat' dir='ltr'>monte</span> <span class='ocrx_word' id='word_1_115' title='bbox 1166 2212 1395 2294; x_wconf 89' lang='lat' dir='ltr'>celebrantur,</span> <span class='ocrx_word' id='word_1_116' title='bbox 1427 2213 1509 2299; x_wconf 89' lang='lat' dir='ltr'>quia</span> 
     </span>
    </p>

    <p class='ocr_par' dir='ltr' id='par_1_7' title="bbox 300 2335 1509 2928">
     <span class='ocr_line' id='line_1_16' title="bbox 300 2335 1509 2426; baseline 0.006 -26"><span class='ocrx_word' id='word_1_117' title='bbox 300 2336 342 2400; x_wconf 82' lang='lat'>15</span> <span class='ocrx_word' id='word_1_118' title='bbox 365 2336 558 2403; x_wconf 89' lang='lat' dir='ltr'>subiectum</span> <span class='ocrx_word' id='word_1_119' title='bbox 571 2335 779 2422; x_wconf 80' lang='lat' dir='ltr'>dignitatem</span> <span class='ocrx_word' id='word_1_120' title='bbox 796 2345 831 2403; x_wconf 92' lang='lat' dir='ltr'>et</span> <span class='ocrx_word' id='word_1_121' title='bbox 847 2337 1082 2404; x_wconf 85' lang='lat' dir='ltr'>celebritatem</span> <span class='ocrx_word' id='word_1_122' title='bbox 1095 2339 1240 2426; x_wconf 86' lang='lat' dir='ltr'>suscipit</span> <span class='ocrx_word' id='word_1_123' title='bbox 1256 2361 1276 2404; x_wconf 91' lang='lat' dir='ltr'>a</span> <span class='ocrx_word' id='word_1_124' title='bbox 1293 2339 1509 2407; x_wconf 89' lang='lat' dir='ltr'>nobilissima</span> 
     </span>
     <span class='ocr_line' id='line_1_17' title="bbox 365 2460 1507 2550; baseline 0.004 -23"><span class='ocrx_word' id='word_1_125' title='bbox 365 2460 488 2546; x_wconf 89' lang='lat' dir='ltr'>forma,</span> <span class='ocrx_word' id='word_1_126' title='bbox 510 2484 598 2548; x_wconf 90' lang='lat' dir='ltr'>quae</span> <span class='ocrx_word' id='word_1_127' title='bbox 614 2461 734 2528; x_wconf 90' lang='lat' dir='ltr'>formis</span> <span class='ocrx_word' id='word_1_128' title='bbox 750 2463 985 2550; x_wconf 90' lang='lat' dir='ltr'>superioribus</span> <span class='ocrx_word' id='word_1_129' title='bbox 1002 2471 1036 2529; x_wconf 89' lang='lat' dir='ltr'>ct</span> <span class='ocrx_word' id='word_1_130' title='bbox 1053 2464 1258 2531; x_wconf 88' lang='lat' dir='ltr'>coelestibus</span> <span class='ocrx_word' id='word_1_131' title='bbox 1274 2472 1326 2531; x_wconf 88' lang='lat' dir='ltr'>est</span> <span class='ocrx_word' id='word_1_132' title='bbox 1342 2464 1456 2531; x_wconf 85' lang='lat' dir='ltr'>affinia</span> <span class='ocrx_word' id='word_1_133' title='bbox 1472 2471 1507 2532; x_wconf 87' lang='lat' dir='ltr'>et</span> 
     </span>
     <span class='ocr_line' id='line_1_18' title="bbox 365 2586 1507 2678; baseline 0.003 -25"><span class='ocrx_word' id='word_1_134' title='bbox 365 2586 408 2653; x_wconf 89' lang='lat' dir='ltr'>ab</span> <span class='ocrx_word' id='word_1_135' title='bbox 424 2587 485 2653; x_wconf 88' lang='lat' dir='ltr'>illa</span> <span class='ocrx_word' id='word_1_136' title='bbox 501 2587 719 2674; x_wconf 89' lang='lat' dir='ltr'>potissimum</span> <span class='ocrx_word' id='word_1_137' title='bbox 734 2588 988 2672; x_wconf 81' lang='lat' dir='ltr'>denominatur,</span> <span class='ocrx_word' id='word_1_138' title='bbox 1003 2588 1093 2655; x_wconf 90' lang='lat' dir='ltr'>sicut</span> <span class='ocrx_word' id='word_1_139' title='bbox 1112 2613 1175 2656; x_wconf 88' lang='lat' dir='ltr'>usu</span> <span class='ocrx_word' id='word_1_140' title='bbox 1192 2590 1289 2656; x_wconf 89' lang='lat' dir='ltr'>venit</span> <span class='ocrx_word' id='word_1_141' title='bbox 1304 2597 1342 2657; x_wconf 86' lang='lat' dir='ltr'>ut</span> <span class='ocrx_word' id='word_1_142' title='bbox 1360 2591 1507 2678; x_wconf 89' lang='lat' dir='ltr'>impera·</span> 
     </span>
     <span class='ocr_line' id='line_1_19' title="bbox 364 2713 1506 2802; baseline 0.004 -25"><span class='ocrx_word' id='word_1_143' title='bbox 364 2720 431 2794; x_wconf 90' lang='lat' dir='ltr'>tor,</span> <span class='ocrx_word' id='word_1_144' title='bbox 446 2713 581 2778; x_wconf 89' lang='lat' dir='ltr'>etiamsi</span> <span class='ocrx_word' id='word_1_145' title='bbox 594 2713 639 2778; x_wconf 91' lang='lat' dir='ltr'>sit</span> <span class='ocrx_word' id='word_1_146' title='bbox 651 2736 724 2795; x_wconf 84' lang='lat' dir='ltr'>rex,</span> <span class='ocrx_word' id='word_1_147' title='bbox 737 2713 898 2800; x_wconf 87' lang='lat' dir='ltr'>princeps</span> <span class='ocrx_word' id='word_1_148' title='bbox 915 2721 949 2780; x_wconf 90' lang='lat' dir='ltr'>et</span> <span class='ocrx_word' id='word_1_149' title='bbox 965 2715 1049 2800; x_wconf 74' lang='lat' dir='ltr'>(lux,</span> <span class='ocrx_word' id='word_1_150' title='bbox 1062 2739 1081 2780; x_wconf 90' lang='lat' dir='ltr'>a</span> <span class='ocrx_word' id='word_1_151' title='bbox 1092 2716 1389 2802; x_wconf 87' lang='lat' dir='ltr'>praestantissimo</span> <span class='ocrx_word' id='word_1_152' title='bbox 1402 2716 1506 2783; x_wconf 92' lang='lat' dir='ltr'>titulo</span> 
     </span>
     <span class='ocr_line' id='line_1_20' title="bbox 363 2836 1504 2928; baseline 0.004 -26"><span class='ocrx_word' id='word_1_153' title='bbox 363 2836 521 2903; x_wconf 89' lang='lat' dir='ltr'>absolute</span> <span class='ocrx_word' id='word_1_154' title='bbox 534 2846 763 2926; x_wconf 87' lang='lat' dir='ltr'>nuncupatur.</span> <span class='ocrx_word' id='word_1_155' title='bbox 778 2839 832 2905; x_wconf 89' lang='lat' dir='ltr'>Ita</span> <span class='ocrx_word' id='word_1_156' title='bbox 846 2848 880 2903; x_wconf 90' lang='lat' dir='ltr'>et</span> <span class='ocrx_word' id='word_1_157' title='bbox 889 2838 1020 2905; x_wconf 88' lang='lat' dir='ltr'>formae</span> <span class='ocrx_word' id='word_1_158' title='bbox 1036 2842 1224 2924; x_wconf 83' lang='lat' dir='ltr'>naturales,</span> <span class='ocrx_word' id='word_1_159' title='bbox 1238 2841 1374 2907; x_wconf 89' lang='lat' dir='ltr'>etiamsi</span> <span class='ocrx_word' id='word_1_160' title='bbox 1387 2841 1504 2928; x_wconf 90' lang='lat' dir='ltr'>plures</span> 
     </span>
    </p>

    <p class='ocr_par' dir='ltr' id='par_1_8' title="bbox 296 2964 1508 3549">
     <span class='ocr_line' id='line_1_21' title="bbox 296 2964 1505 3052; baseline -0.001 -19"><span class='ocrx_word' id='word_1_161' title='bbox 296 2970 342 3033; x_wconf 74' lang='lat'>20</span> <span class='ocrx_word' id='word_1_162' title='bbox 364 2969 485 3051; x_wconf 88' lang='lat' dir='ltr'>utpote</span> <span class='ocrx_word' id='word_1_163' title='bbox 505 2964 692 3029; x_wconf 86' lang='lat' dir='ltr'>seeundum</span> <span class='ocrx_word' id='word_1_164' title='bbox 711 2964 880 3029; x_wconf 88' lang='lat' dir='ltr'>rat-ionem</span> <span class='ocrx_word' id='word_1_165' title='bbox 904 2965 1056 3051; x_wconf 91' lang='lat' dir='ltr'>plurium</span> <span class='ocrx_word' id='word_1_166' title='bbox 1079 2966 1316 3052; x_wconf 89' lang='lat' dir='ltr'>potentiarum</span> <span class='ocrx_word' id='word_1_167' title='bbox 1339 2966 1376 3031; x_wconf 87' lang='lat' dir='ltr'>in</span> <span class='ocrx_word' id='word_1_168' title='bbox 1400 2988 1505 3032; x_wconf 89' lang='lat' dir='ltr'>unam</span> 
     </span>
     <span class='ocr_line' id='line_1_22' title="bbox 364 3091 1508 3178; baseline 0.003 -24"><span class='ocrx_word' id='word_1_169' title='bbox 364 3097 584 3174; x_wconf 88' lang='lat' dir='ltr'>concurrant,</span> <span class='ocrx_word' id='word_1_170' title='bbox 606 3091 643 3155; x_wconf 91' lang='lat' dir='ltr'>in</span> <span class='ocrx_word' id='word_1_171' title='bbox 667 3091 853 3178; x_wconf 89' lang='lat' dir='ltr'>superioris</span> <span class='ocrx_word' id='word_1_172' title='bbox 872 3098 989 3157; x_wconf 89' lang='lat' dir='ltr'>tamen</span> <span class='ocrx_word' id='word_1_173' title='bbox 1008 3100 1043 3158; x_wconf 90' lang='lat' dir='ltr'>et</span> <span class='ocrx_word' id='word_1_174' title='bbox 1062 3092 1195 3158; x_wconf 88' lang='lat' dir='ltr'>altioris</span> <span class='ocrx_word' id='word_1_175' title='bbox 1220 3092 1322 3177; x_wconf 52' lang='lat' dir='ltr'>titrsso</span> <span class='ocrx_word' id='word_1_176' title='bbox 1346 3100 1381 3158; x_wconf 91' lang='lat' dir='ltr'>et</span> <span class='ocrx_word' id='word_1_177' title='bbox 1404 3091 1508 3159; x_wconf 91' lang='lat' dir='ltr'>deno-</span> 
     </span>
     <span class='ocr_line' id='line_1_23' title="bbox 364 3200 1505 3305; baseline 0.004 -26"><span class='ocrx_word' id='word_1_178' title='bbox 364 3200 558 3280; x_wconf 87' lang='lat' dir='ltr'>minatione</span> <span class='ocrx_word' id='word_1_179' title='bbox 577 3215 772 3282; x_wconf 86' lang='lat' dir='ltr'>oelebratur</span> <span class='ocrx_word' id='word_1_180' title='bbox 791 3216 994 3299; x_wconf 85' lang='lat' dir='ltr'>subiectum;</span> <span class='ocrx_word' id='word_1_181' title='bbox 1020 3216 1111 3282; x_wconf 89' lang='lat' dir='ltr'>unde</span> <span class='ocrx_word' id='word_1_182' title='bbox 1131 3218 1290 3303; x_wconf 85' lang='lat' dir='ltr'>quamvis</span> <span class='ocrx_word' id='word_1_183' title='bbox 1314 3217 1351 3283; x_wconf 92' lang='lat' dir='ltr'>in</span> <span class='ocrx_word' id='word_1_184' title='bbox 1374 3218 1505 3305; x_wconf 89' lang='lat' dir='ltr'>plantis</span> 
     </span>
     <span class='ocr_line' id='line_1_24' title="bbox 362 3339 1506 3429; baseline 0.003 -25"><span class='ocrx_word' id='word_1_185' title='bbox 362 3340 408 3405; x_wconf 90' lang='lat' dir='ltr'>sit</span> <span class='ocrx_word' id='word_1_186' title='bbox 427 3339 539 3405; x_wconf 90' lang='lat' dir='ltr'>forma</span> <span class='ocrx_word' id='word_1_187' title='bbox 557 3341 718 3406; x_wconf 90' lang='lat' dir='ltr'>elementi</span> <span class='ocrx_word' id='word_1_188' title='bbox 738 3342 888 3428; x_wconf 86' lang='lat' dir='ltr'>perfecte</span> <span class='ocrx_word' id='word_1_189' title='bbox 908 3341 1089 3429; x_wconf 85' lang='lat' dir='ltr'>compositi</span> <span class='ocrx_word' id='word_1_190' title='bbox 1111 3349 1145 3407; x_wconf 90' lang='lat' dir='ltr'>et</span> <span class='ocrx_word' id='word_1_191' title='bbox 1168 3342 1381 3429; x_wconf 79' lang='lat' dir='ltr'>vegetativa,</span> <span class='ocrx_word' id='word_1_192' title='bbox 1406 3365 1506 3429; x_wconf 82' lang='lat' dir='ltr'>vege-</span> 
     </span>
     <span class='ocr_line' id='line_1_25' title="bbox 362 3464 1505 3549; baseline 0.004 -20"><span class='ocrx_word' id='word_1_193' title='bbox 362 3464 473 3530; x_wconf 87' lang='lat' dir='ltr'>tativa</span> <span class='ocrx_word' id='word_1_194' title='bbox 498 3472 614 3531; x_wconf 89' lang='lat' dir='ltr'>tamen</span> <span class='ocrx_word' id='word_1_195' title='bbox 638 3466 895 3549; x_wconf 85' lang='lat' dir='ltr'>denominatur,</span> <span class='ocrx_word' id='word_1_196' title='bbox 916 3468 952 3531; x_wconf 90' lang='lat' dir='ltr'>iu</span> <span class='ocrx_word' id='word_1_197' title='bbox 972 3467 1208 3533; x_wconf 89' lang='lat' dir='ltr'>animantibus</span> <span class='ocrx_word' id='word_1_198' title='bbox 1228 3467 1319 3534; x_wconf 89' lang='lat' dir='ltr'>ultra</span> <span class='ocrx_word' id='word_1_199' title='bbox 1334 3467 1396 3534; x_wconf 87' lang='lat' dir='ltr'>has</span> <span class='ocrx_word' id='word_1_200' title='bbox 1412 3468 1505 3534; x_wconf 89' lang='lat' dir='ltr'>vires</span> 
     </span>
    </p>

    <p class='ocr_par' dir='ltr' id='par_1_9' title="bbox 295 3591 1506 3910">
     <span class='ocr_line' id='line_1_26' title="bbox 295 3591 1506 3682; baseline 0.001 -24"><span class='ocrx_word' id='word_1_201' title='bbox 295 3602 339 3666; x_wconf 79' lang='lat'>25</span> <span class='ocrx_word' id='word_1_202' title='bbox 362 3614 382 3658; x_wconf 91' lang='lat' dir='ltr'>a</span> <span class='ocrx_word' id='word_1_203' title='bbox 401 3592 570 3677; x_wconf 90' lang='lat' dir='ltr'>superiori</span> <span class='ocrx_word' id='word_1_204' title='bbox 590 3591 701 3658; x_wconf 85' lang='lat' dir='ltr'>fornia</span> <span class='ocrx_word' id='word_1_205' title='bbox 721 3600 820 3679; x_wconf 86' lang='lat' dir='ltr'>(quae</span> <span class='ocrx_word' id='word_1_206' title='bbox 844 3600 896 3659; x_wconf 91' lang='lat' dir='ltr'>est</span> <span class='ocrx_word' id='word_1_207' title='bbox 919 3594 1136 3679; x_wconf 79' lang='lat' dir='ltr'>sensitivam)</span> <span class='ocrx_word' id='word_1_208' title='bbox 1165 3594 1332 3682; x_wconf 87' lang='lat' dir='ltr'>recipitur</span> <span class='ocrx_word' id='word_1_209' title='bbox 1354 3594 1506 3661; x_wconf 86' lang='lat' dir='ltr'>denomi-</span> 
     </span>
     <span class='ocr_line' id='line_1_27' title="bbox 362 3718 1504 3807; baseline 0.004 -25"><span class='ocrx_word' id='word_1_210' title='bbox 362 3718 475 3800; x_wconf 90' lang='lat' dir='ltr'>nati0,</span> <span class='ocrx_word' id='word_1_211' title='bbox 493 3719 536 3784; x_wconf 88' lang='lat' dir='ltr'>ab</span> <span class='ocrx_word' id='word_1_212' title='bbox 556 3718 672 3785; x_wconf 90' lang='lat' dir='ltr'>anima</span> <span class='ocrx_word' id='word_1_213' title='bbox 692 3719 904 3786; x_wconf 87' lang='lat' dir='ltr'>intellectiva</span> <span class='ocrx_word' id='word_1_214' title='bbox 921 3742 980 3785; x_wconf 87' lang='lat' dir='ltr'>seu</span> <span class='ocrx_word' id='word_1_215' title='bbox 996 3720 1154 3807; x_wconf 90' lang='lat' dir='ltr'>potentia</span> <span class='ocrx_word' id='word_1_216' title='bbox 1169 3720 1383 3786; x_wconf 88' lang='lat' dir='ltr'>intellectiva</span> <span class='ocrx_word' id='word_1_217' title='bbox 1402 3719 1504 3786; x_wconf 88' lang='lat' dir='ltr'>homo</span> 
     </span>
     <span class='ocr_line' id='line_1_28' title="bbox 362 3843 614 3910; baseline 0 -2"><span class='ocrx_word' id='word_1_218' title='bbox 362 3843 614 3910; x_wconf 88' lang='lat' dir='ltr'>denominatur.</span> 
     </span>
    </p>
   </div>
   <div class='ocr_carea' id='block_1_5' title="bbox 370 4014 1504 4030">
    <p class='ocr_par' dir='ltr' id='par_1_10' title="bbox 370 4014 1504 4030">
     <span class='ocr_line' id='line_1_29' title="bbox 370 4014 1504 4030; baseline 0.005 -8"><span class='ocrx_word' id='word_1_219' title='bbox 370 4014 518 4022; x_wconf 80' lang='lat'>---·———</span> <span class='ocrx_word' id='word_1_220' title='bbox 715 4014 1504 4030; x_wconf 52' lang='lat' dir='ltr'>muna—-</span> 
     </span>
    </p>
   </div>
   <div class='ocr_carea' id='block_1_6' title="bbox 470 4098 1502 4177">
    <p class='ocr_par' dir='ltr' id='par_1_11' title="bbox 470 4098 1502 4177">
     <span class='ocr_line' id='line_1_30' title="bbox 470 4098 1502 4177; baseline 0.011 -27"><span class='ocrx_word' id='word_1_221' title='bbox 470 4103 484 4151; x_wconf 94' lang='grc'>1</span> <span class='ocrx_word' id='word_1_222' title='bbox 502 4101 630 4166; x_wconf 82' lang='lat' dir='ltr'>haecque</span> <span class='ocrx_word' id='word_1_223' title='bbox 650 4100 682 4150; x_wconf 99' lang='grc' dir='ltr'><em>Μ</em></span> <span class='ocrx_word' id='word_1_224' title='bbox 691 4118 696 4149; x_wconf 94' lang='lat'><strong>:</strong></span> <span class='ocrx_word' id='word_1_225' title='bbox 718 4107 748 4151; x_wconf 87' lang='lat' dir='ltr'>et</span> <span class='ocrx_word' id='word_1_226' title='bbox 768 4105 786 4164; x_wconf 67' lang='lat' dir='ltr'>‘l</span> <span class='ocrx_word' id='word_1_227' title='bbox 809 4098 874 4167; x_wconf 74' lang='lat' dir='ltr'>(cicc</span> <span class='ocrx_word' id='word_1_228' title='bbox 895 4108 924 4153; x_wconf 87' lang='lat' dir='ltr'>et</span> <span class='ocrx_word' id='word_1_229' title='bbox 944 4108 1030 4169; x_wconf 85' lang='lat' dir='ltr'>quac)</span> <span class='ocrx_word' id='word_1_230' title='bbox 1054 4105 1077 4153; x_wconf 82' lang='lat' dir='ltr'><em>A</em></span> <span class='ocrx_word' id='word_1_231' title='bbox 1159 4109 1175 4158; x_wconf 88' lang='grc'>6</span> <span class='ocrx_word' id='word_1_232' title='bbox 1184 4107 1264 4170; x_wconf 74' lang='lat' dir='ltr'>sorec</span> <span class='ocrx_word' id='word_1_233' title='bbox 1288 4113 1431 4168; x_wconf 83' lang='lat' dir='ltr'>(notatur)</span> <span class='ocrx_word' id='word_1_234' title='bbox 1452 4125 1502 4177; x_wconf 85' lang='lat' dir='ltr'>per</span> 
     </span>
    </p>
   </div>
   <div class='ocr_carea' id='block_1_7' title="bbox 360 4196 1506 4544">
    <p class='ocr_par' dir='ltr' id='par_1_12' title="bbox 360 4196 1506 4544">
     <span class='ocr_line' id='line_1_31' title="bbox 466 4196 479 4224; baseline 0 0"><span class='ocrx_word' id='word_1_235' title='bbox 466 4196 479 4224; x_wconf 89' lang='lat'><strong>0</strong></span> 
     </span>
     <span class='ocr_line' id='line_1_32' title="bbox 360 4233 1506 4308; baseline 0.007 -22"><span class='ocrx_word' id='word_1_236' title='bbox 360 4237 376 4286; x_wconf 66' lang='grc' dir='ltr'><em>ἵ</em></span> <span class='ocrx_word' id='word_1_237' title='bbox 399 4233 527 4286; x_wconf 83' lang='lat' dir='ltr'>inchctio</span> <span class='ocrx_word' id='word_1_238' title='bbox 546 4236 583 4284; x_wconf 79' lang='lat' dir='ltr'>A:</span> <span class='ocrx_word' id='word_1_239' title='bbox 607 4235 742 4285; x_wconf 82' lang='lat' dir='ltr'>formatio</span> <span class='ocrx_word' id='word_1_240' title='bbox 762 4234 795 4284; x_wconf 85' lang='lat' dir='ltr'><em>M</em></span> <span class='ocrx_word' id='word_1_241' title='bbox 875 4238 905 4288; x_wconf 81' lang='lat'>12</span> <span class='ocrx_word' id='word_1_242' title='bbox 929 4238 1043 4302; x_wconf 81' lang='lat' dir='ltr'>passiva</span> <span class='ocrx_word' id='word_1_243' title='bbox 1062 4238 1304 4293; x_wconf 82' lang='lat' dir='ltr'>efformabilitatie</span> <span class='ocrx_word' id='word_1_244' title='bbox 1323 4243 1453 4308; x_wconf 82' lang='lat' dir='ltr'>potentia</span> <span class='ocrx_word' id='word_1_245' title='bbox 1473 4240 1506 4293; x_wconf 88' lang='grc' dir='ltr'><em>Μ</em></span> 
     </span>
     <span class='ocr_line' id='line_1_33' title="bbox 362 4314 1504 4385; baseline 0.005 -17"><span class='ocrx_word' id='word_1_246' title='bbox 362 4318 392 4368; x_wconf 85' lang='grc'>14</span> <span class='ocrx_word' id='word_1_247' title='bbox 407 4316 477 4380; x_wconf 79' lang='lat' dir='ltr'>dopo</span> <span class='ocrx_word' id='word_1_248' title='bbox 494 4314 698 4383; x_wconf 55' lang='lat' dir='ltr'>quiamacdlu</span> <span class='ocrx_word' id='word_1_249' title='bbox 714 4317 774 4366; x_wconf 90' lang='lat' dir='ltr'>cele</span> <span class='ocrx_word' id='word_1_250' title='bbox 790 4316 815 4365; x_wconf 81' lang='lat' dir='ltr'><em>A</em></span> <span class='ocrx_word' id='word_1_251' title='bbox 895 4319 926 4367; x_wconf 88' lang='grc'>19</span> <span class='ocrx_word' id='word_1_252' title='bbox 941 4325 1135 4385; x_wconf 84' lang='lat' dir='ltr'>nuncupatur]</span> <span class='ocrx_word' id='word_1_253' title='bbox 1155 4320 1182 4370; x_wconf 82' lang='lat' dir='ltr'>la</span> <span class='ocrx_word' id='word_1_254' title='bbox 1202 4321 1296 4371; x_wconf 79' lang='lat' dir='ltr'>lettera</span> <span class='ocrx_word' id='word_1_255' title='bbox 1318 4338 1334 4372; x_wconf 83' lang='lat' dir='ltr'>a</span> <span class='ocrx_word' id='word_1_256' title='bbox 1353 4321 1365 4372; x_wconf 75' lang='grc' dir='ltr'><em>ὸ</em></span> <span class='ocrx_word' id='word_1_257' title='bbox 1386 4329 1504 4374; x_wconf 66' lang='lat' dir='ltr'>correrio</span> 
     </span>
     <span class='ocr_line' id='line_1_34' title="bbox 360 4396 1505 4461; baseline 0.008 -13"><span class='ocrx_word' id='word_1_258' title='bbox 360 4396 389 4448; x_wconf 74' lang='lat' dir='ltr'>ia</span> <span class='ocrx_word' id='word_1_259' title='bbox 405 4397 443 4446; x_wconf 82' lang='lat' dir='ltr'>A:</span> <span class='ocrx_word' id='word_1_260' title='bbox 458 4396 534 4460; x_wconf 76' lang='lat' dir='ltr'>serre</span> <span class='ocrx_word' id='word_1_261' title='bbox 552 4402 735 4461; x_wconf 86' lang='lat' dir='ltr'>nuncupetur</span> <span class='ocrx_word' id='word_1_262' title='bbox 797 4397 828 4446; x_wconf 79' lang='lat'>23</span> <span class='ocrx_word' id='word_1_263' title='bbox 845 4399 980 4449; x_wconf 85' lang='lat' dir='ltr'>elementi</span> <span class='ocrx_word' id='word_1_264' title='bbox 1003 4398 1113 4458; x_wconf 81' lang='lat' dir='ltr'>(mixti)</span> <span class='ocrx_word' id='word_1_265' title='bbox 1137 4400 1169 4450; x_wconf 94' lang='grc' dir='ltr'><em>Μ</em></span> <span class='ocrx_word' id='word_1_266' title='bbox 1229 4402 1261 4452; x_wconf 83' lang='grc'>24</span> <span class='ocrx_word' id='word_1_267' title='bbox 1279 4402 1505 4457; x_wconf 83' lang='lat' dir='ltr'>denominantur</span> 
     </span>
     <span class='ocr_line' id='line_1_35' title="bbox 360 4476 971 4544; baseline 0.007 -17"><span class='ocrx_word' id='word_1_268' title='bbox 360 4477 463 4544; x_wconf 73' lang='lat' dir='ltr'>(scritto</span> <span class='ocrx_word' id='word_1_269' title='bbox 477 4477 647 4539; x_wconf 72' lang='lat' dir='ltr'>deceantur)</span> <span class='ocrx_word' id='word_1_270' title='bbox 665 4476 689 4526; x_wconf 79' lang='lat' dir='ltr'><strong><em>A</em></strong></span> <span class='ocrx_word' id='word_1_271' title='bbox 754 4478 925 4531; x_wconf 86' lang='lat' dir='ltr'>animalibus</span> <span class='ocrx_word' id='word_1_272' title='bbox 939 4479 971 4531; x_wconf 88' lang='grc' dir='ltr'><em>Μ</em></span> 
     </span>
    </p>
   </div>
   <div class='ocr_carea' id='block_1_8' title="bbox 0 0 1748 5108">
    <p class='ocr_par' dir='ltr' id='par_1_13' title="bbox 0 0 1748 5108">
     <span class='ocr_line' id='line_1_36' title="bbox 0 0 1748 5108; baseline 0 3"><span class='ocrx_word' id='word_1_273' title='bbox 0 0 1748 5108; x_wconf 95' lang='lat' dir='ltr'> </span> 
     </span>
    </p>
   </div>
  </div>
 </body>
</html>
