3488 5108
362 414 421 474 592
802 424 942 472 roanasu
964 423 1067 469 aavru

361 603 479 658 sumus,
497 600 574 657 quae
591 581 763 642 consistunt
779 580 810 639 in
832 585 1009 640 enumerata
1025 575 1263 653 combinatione,
1279 594 1358 655 quae
1372 574 1524 652 sequitur

362 710 400 750 ex
416 689 539 748 diverso
557 687 663 748 ordine
681 694 811 763 quatuor
826 685 986 763 regionum
1003 685 1089 745 iuxta
1110 693 1179 744 octo
1198 683 1305 744 domos
1322 684 1381 743 sub
1397 679 1524 742 duode-

362 799 422 859 cim
437 798 534 875 signis
554 796 773 876 multiplicatas
800 797 832 855 in
860 793 1054 874 septemplici
1076 793 1285 870 revolutione,
1313 811 1391 869 quae
1417 790 1523 850 domi·

361 906 444 967 nium
470 913 589 984 septem
617 904 808 982 planetarum
834 923 889 963 seu
916 923 1024 981 regum
1051 909 1171 982 septem
1192 901 1309 962 dierum
1326 921 1382 962 suo
1399 898 1521 960 ordine

317 999 338 1063 5
362 1013 529 1087 insinuant;
548 1031 637 1088 quam
654 1030 728 1071 sane
744 1009 825 1070 viam
843 1008 1019 1070 inveniendi
1036 1017 1068 1069 et
1085 1007 1254 1087 iudicandi,
1269 1007 1389 1070 etiamsi
1404 1026 1522 1068 secun·

361 1119 433 1179 dum
450 1121 547 1199 ipsam
563 1118 714 1179 neminem
732 1118 878 1178 hactenus
895 1117 1034 1195 potuisse
1051 1116 1202 1195 proficere
1223 1115 1314 1176 facile
1332 1114 1517 1188 credamus,

362 1249 510 1306 quamque
528 1229 619 1289 etiam
638 1247 675 1286 ne
693 1227 814 1287 Lullius
835 1226 957 1303 quidem
977 1227 1046 1305 ipse
1071 1226 1110 1286 ad
1138 1225 1247 1305 praxin
1273 1223 1442 1301 revocarit,
1470 1223 1518 1283 si·

362 1336 483 1411 quidem
500 1336 566 1394 sine
583 1334 831 1394 distinctionibus
849 1354 867 1393 a
883 1333 973 1393 nobis
989 1332 1093 1392 allatis
1110 1351 1170 1392 non
1188 1340 1274 1393 esset
1286 1330 1391 1407 facile,
1409 1330 1517 1391 lucem

361 1452 461 1503 tamen
479 1444 577 1520 ipsam
595 1441 692 1503 veluti
708 1462 727 1500 a
743 1440 834 1516 lon'ge
851 1442 897 1500 ita
911 1438 1074 1517 indicavit,
1095 1448 1130 1499 nt
1154 1459 1278 1517 compar
1294 1447 1360 1499 erat
1376 1439 1408 1497 in
1426 1437 1516 1515 prin·

299 1542 340 1605 10
362 1552 450 1628 cipiis
464 1549 687 1611 universalibus
705 1556 737 1608 et
754 1547 977 1621 communibus,
995 1565 1073 1623 quac
1099 1554 1172 1607 sunt
1192 1546 1330 1622 proxima
1347 1544 1517 1624 principiis

360 1657 630 1718 universalissimis
652 1665 684 1717 et
709 1654 965 1716 communissimis
985 1672 1059 1714 suae
1086 1654 1192 1715 Artis
1213 1654 1432 1714 invectivae
1453 1672 1515 1714 seu

362 1763 652 1824 combinatoriae
674 1782 729 1823 seu
749 1781 901 1839 magnae
930 1780 985 1821 seu
1009 1761 1139 1821 brevis
1168 1781 1223 1822 ssu
1243 1760 1303 1821 alio
1324 1760 1435 1837 quovis
1458 1779 1517 1820 no-

362 1874 441 1933 miae
458 1871 644 1948 intitulatae;
661 1872 770 1947 quibus
788 1870 936 1949 deinceps
953 1850 1101 1948 praebere
1119 1869 1264 1930 maiorem
1293 1869 1515 1929 limitationem

362 1988 394 2040 et
409 1980 646 2059 applicationem
663 1977 748 2055 operi
765 1978 934 2057 proximam
951 1996 1005 2038 seu
1018 1977 1266 2055 propinquiorem
1282 1977 1405 2053 saltem,
1420 1976 1513 2036 iuxta

297 2084 338 2148 lb
360 2094 479 2148 tantum
494 2087 640 2147 momenti
665 2106 725 2145 non
753 2085 893 2145 omnibus
920 2084 1024 2144 datum
1053 2084 1112 2143 fuit
1132 2103 1231 2160 neque
1252 2083 1391 2162 pluribus
1407 2103 1513 2160 neque

361 2193 452 2253 alteri
468 2213 557 2269 quem
575 2191 719 2268 viderim,
734 2191 865 2267 ideoque
879 2210 940 2250 non
956 2198 1006 2250 est
1022 2189 1130 2250 mirum
1157 2191 1185 2251 si
1212 2200 1315 2250 tantus
1341 2190 1512 2251 thesaurus

362 2300 400 2358 ad
421 2300 478 2361 hoc
495 2320 590 2375 usque
607 2308 729 2376 tempus
745 2297 903 2358 brutorum
919 2297 1050 2375 pedibus
1078 2298 1274 2358 conculcatus
1303 2305 1335 2359 et
1361 2297 1513 2359 foedatus

361 2408 506 2469 extiterit.
702 2400 705 2406 ¹

449 2513 584 2575 Proinde
601 2513 677 2574 illud
695 2513 788 2573 etiam
805 2513 835 2572 in
853 2514 1029 2574 memoriam
1051 2519 1100 2575 est
1120 2513 1340 2592 revocandum,
1362 2514 1445 2590 quod
1467 2513 1512 2573 ad

295 2618 340 2684 ‘20
360 2621 504 2681 iudicium
531 2630 562 2682 et
588 2622 793 2698 cognitionem
820 2620 976 2699 propriam
1002 2620 1190 2681 infirmitatis
1209 2629 1241 2681 st
1262 2621 1403 2681 sanitatis
1422 2620 1512 2681 iuxta

361 2736 459 2788 metas
476 2729 634 2805 temporis,
658 2727 815 2803 qualitatis
833 2737 865 2786 et
881 2726 1063 2803 quantitatis
1086 2746 1145 2786 non
1163 2727 1295 2786 sumitur
1310 2727 1449 2787 totaliter
1469 2747 1513 2786 ex

361 2835 443 2911 istis,
462 2834 516 2894 sed
534 2840 652 2893 tanturn
669 2833 836 2893 secuudum
855 2853 906 2893 eas
924 2834 1059 2893 rationes
1079 2854 1157 2908 quae
1174 2834 1346 2895 consistunt
1365 2833 1397 2893 in
1425 2835 1511 2911 prin·

362 2943 449 3021 cipiis
468 2954 498 3003 et
516 2943 713 3017 qualitatibus
734 2944 842 3002 activis
861 2957 892 3002 et
913 2944 1063 3021 passivis,
1082 2963 1178 3021 penes
1200 2964 1253 3003 eas
1274 2943 1410 3003 rationes
1428 2962 1511 3018 quae

362 3059 503 3111 constant
529 3051 559 3108 in
587 3052 747 3110 elementis
775 3051 945 3111 subiective
961 3052 991 3110 in
1014 3070 1127 3125 genere
1150 3059 1181 3110 et
1198 3050 1367 3111 subiective
1389 3051 1419 3110 in
1437 3071 1510 3128 par·

295 3160 338 3220 ‘25
362 3160 493 3228 ticulari,
522 3178 578 3217 nec
603 3157 691 3218 deest
718 3160 796 3218 ratio
823 3179 881 3233 qua
902 3159 1032 3219 maxime
1054 3159 1190 3219 referant
1206 3159 1387 3218 rationem
1407 3158 1511 3236 ipsam

362 3263 581 3324 obiectivam
609 3284 698 3338 quam
725 3264 844 3323 Lullius
876 3264 1021 3342 appellat.
1055 3265 1163 3340 Itaque
1191 3272 1312 3324 constat
1340 3263 1509 3323 evidentis-

361 3370 438 3430 sime
455 3390 510 3431 nos
527 3371 605 3431 hanc
619 3380 716 3431 artem
732 3372 776 3430 ita
790 3371 971 3448 perfecisse,
989 3381 1098 3431 utnon
1115 3372 1213 3431 minor
1231 3390 1302 3449 pars
1320 3370 1509 3431 inventionis

360 3479 468 3537 relicta
484 3479 578 3538 fuerit
594 3499 683 3554 quam
698 3478 881 3556 praemissa,
902 3480 975 3538 licet
988 3499 1062 3540 sane
1079 3480 1147 3557 plus
1165 3487 1197 3538 et
1214 3478 1303 3538 valde
1321 3479 1390 3556 plus
1408 3479 1509 3554 primo

359 3586 519 3646 indicatori
539 3588 580 3646 sit
596 3587 799 3648 tribuendum.
815 3586 905 3644 Adde
923 3587 1017 3664 igitur
1031 3607 1107 3663 quae
1125 3607 1181 3647 nos
1204 3588 1235 3645 in
1253 3587 1358 3645 ultimo
1374 3595 1509 3647 tractatu

295 3687 338 3748 30
360 3690 412 3750 De
433 3692 555 3768 magia
576 3694 798 3770 praecepimus,
822 3695 906 3769 erige
928 3695 1050 3769 inquam
1068 3695 1153 3752 iuxta
1170 3713 1301 3753 canones
1320 3691 1395 3752 caeli
1413 3701 1445 3751 et
1461 3713 1510 3752 re·

361 3799 449 3875 gulas
466 3799 679 3875 quaestionum
693 3801 964 3860 astronomicarum
979 3802 1173 3861 nativitatem
1187 3801 1299 3877 morbi,
1314 3799 1508 3860 nativitatem

360 3904 529 3965 medicinae
547 3913 578 3965 et
594 3906 802 3966 revolutiones
820 3907 987 3968 eorundem
1005 3908 1135 3968 maiores
1153 3928 1230 3984 quae
1248 3916 1320 3967 sunt
1337 3907 1375 3966 de
1391 3905 1508 3967 hebdo-

361 4012 450 4071 mada
468 4013 498 4070 in
515 4012 751 4090 hebdomadam,
770 4022 801 4073 et
818 4015 950 4074 minores
968 4035 1046 4091 quae
1063 4026 1135 4075 suut
1152 4017 1190 4075 de
1208 4015 1258 4075 die
1276 4015 1306 4074 in
1325 4014 1405 4073 diem
1418 4022 1508 4074 natu·

361 4119 472 4196 ralem,
491 4129 523 4179 et
539 4120 697 4200 minilmas
714 4140 790 4196 quae
808 4132 879 4182 sunt
900 4122 938 4182 de
960 4124 1085 4201 planeta
1102 4123 1133 4182 in
1147 4124 1313 4201 planetam,
1328 4131 1359 4183 et
1374 4124 1508 4184 observa
1534 4126 1635 4189 62¹

454 4403 830 4454 2iuxtase8domosd1¹
893 4407 978 4469 bsqq.
996 4421 1080 4471 quam
1097 4404 1154 4473 ata]
1171 4403 1208 4455 sic
1225 4404 1257 4454 M
1317 4405 1508 4471 29.3ch‚ao·

358 4498 418 4550 pru
429 4500 457 4546 p.
472 4484 525 4532 492
538 4484 630 4534 uolat
693 4485 733 4534 33.
743 4485 774 4534 ct
792 4493 945 4550 quaesunt
959 4486 1072 4537 indiam
1086 4487 1120 4536 de
1134 4485 1179 4536 die
1193 4487 1354 4536 naturalem
1365 4485 1398 4535 Μ
