3488 5108
289 385 351 443 450
726 397 867 443 ronnmu
889 398 991 443 anvur

288 556 400 643 priam
420 555 707 643 imaginationem
726 553 852 620 malint
871 577 1085 642 promovere,
1106 578 1191 643 quos
1210 579 1291 622 vere
1315 558 1434 624 existi·

288 688 384 746 ment
415 679 536 781 surdos
556 687 590 776 et
621 688 753 763 mut0s;
779 686 814 745 ct
843 680 968 746 medici
996 681 1081 753 haec
1107 682 1182 770 ipsa
1213 681 1369 748 referunt
1390 683 1434 750 ad

287 806 439 871 maniam
458 814 492 871 et
512 805 791 890 melancholiam,
818 828 906 892 quae
929 807 973 872 ab
999 805 1120 872 iisdem
1145 808 1302 874 somnia
1332 808 1436 896 vigi·

288 932 444 998 lautum
473 932 702 1019 appellantur.

243 1061 264 1125 b
376 1075 466 1126 (XLIX)
490 1059 597 1123 Porro
612 1057 655 1146 in
673 1057 739 1123 hoc
758 1056 898 1122 vinculo
918 1079 1029 1142 neque
1043 1079 1171 1144 purum
1187 1064 1240 1124 est
1255 1059 1435 1126 materiale

288 1183 375 1249 illud
393 1182 619 1270 principium,
640 1182 732 1268 quod
752 1181 963 1247 crassissima
982 1189 1016 1246 et
1040 1182 1338 1270 importunissima
1356 1208 1434 1272 pcr-

288 1309 418 1375 tinacia
437 1307 662 1394 quorumdam
682 1307 880 1393 vulgarium
899 1306 1109 1373 medicorum
1131 1309 1307 1396 opinatur,
1321 1332 1435 1397 neque

287 1457 412 1521 purum
424 1433 512 1499 illud
524 1433 674 1499 officiens
691 1432 905 1498 daemoniaci
921 1456 982 1499 seu
998 1433 1162 1500 diabolici
1177 1435 1323 1521 generis
1342 1435 1433 1522 quod

287 1581 349 1645 pro
370 1581 430 1623 sua
447 1564 543 1645 parte
563 1564 705 1623 tuentur
724 1557 865 1642 quidam
876 1556 1057 1644 Theolcgi3
1076 1559 1135 1624 sed
1153 1567 1340 1646 utrumque
1355 1584 1434 1628 con·

224 1693 265 1755 10
288 1683 408 1766 currit,
426 1682 650 1747 materialiter
669 1680 808 1767 quidem
824 1681 947 1747 humor
963 1682 1242 1769 melancholicuS,
1263 1707 1363 1772 quem
1382 1709 1433 1753 aa·

287 1809 478 1873 turnalium
498 1806 755 1873 daemoniorum
776 1807 942 1894 popinam
959 1830 1017 1872 seu
1033 1808 1195 1874 balneum
1208 1810 1431 1897 appellamus,

289 1933 467 1997 sedetiam
483 1955 546 2018 pro
563 1955 663 1998 causa
680 1941 839 1999 movente
859 1940 893 1997 et
912 1932 1081 1999 efficiente
1100 1933 1245 2021 spiritns
1265 1935 1339 2022 ipse
1355 1936 1433 2002 dae-

288 2059 476 2140 moniacus,
495 2059 554 2144 qui
582 2081 659 2123 cum
678 2080 749 2123 non
768 2059 814 2123 sit
833 2059 974 2124 omnino
995 2060 1190 2126 substantia
1215 2061 1430 2148 incorporea,

293 2183 571 2270 quandoquidem
591 2183 709 2249 multis
729 2183 911 2250 affectibus
930 2184 1138 2251 animalibus
1168 2185 1280 2270 iisque
1299 2187 1432 2272 gravis-

225 2319 265 2379 li)
290 2310 386 2376 simis
405 2309 554 2397 praediti
573 2309 737 2375 videntur
756 2308 949 2390 daemones,
970 2310 1127 2395 quamvis
1147 2311 1343 2376 substantia
1362 2310 1432 2399 spi·

289 2435 432 2517 ritualia,
449 2435 504 2500 cui
521 2434 684 2500 subtilius
700 2442 734 2499 et
751 2435 866 2499 minus
886 2434 1043 2500 sensibus
1061 2435 1218 2522 pervium
1239 2459 1361 2524 corpus
1380 2445 1433 2502 est

290 2584 310 2625 a
328 2567 455 2627 natura
481 2560 671 2643 tributum,
697 2560 735 2624 in
766 2582 833 2644 quo
852 2582 978 2646 genere
1007 2561 1208 2627 animalium
1228 2562 1432 2629 dictumest

288 2710 360 2753 uon
379 2687 557 2774 pauciores
576 2685 722 2773 reperiri
742 2686 881 2772 species,
901 2709 1005 2772 qiiam
1024 2688 1096 2753 sint
1113 2688 1321 2773 viventium,
1343 2712 1433 2756 com·

288 2813 478 2900 positorum
498 2820 532 2876 et
556 2811 781 2877 sensibilium.
802 2810 900 2876 Sicut
923 2834 1004 2898 ergo
1034 2813 1077 2877 ad
1105 2813 1286 2879 definitum
1315 2838 1432 2880 semen

224 2952 268 3014 ⁴20
292 2940 329 3002 111
348 2938 490 3002 definito
509 2938 583 3003 loco
604 2960 755 3023 congrue
774 2938 968 3023 expositum
992 2937 1133 3002 definita
1152 2939 1263 3005 veluti
1282 2941 1433 3005 accurrit

288 3064 418 3147 anima,
449 3070 510 3129 aut
533 3087 574 3127 ex
603 3064 677 3151 ipso
707 3063 803 3127 velut
827 3085 1003 3148 emergens
1028 3072 1157 3128 certam
1188 3065 1347 3130 animalis
1367 3064 1433 3132 for·

289 3215 379 3257 mam
399 3194 454 3256 vel
474 3191 624 3256 virentis
647 3189 807 3277 producit
823 3196 857 3253 et
873 3213 1046 3275 emergere
1066 3189 1165 3275 facit,
1186 3199 1225 3256 ut
1244 3215 1286 3257 ex
1304 3191 1368 3257 hoc
1384 3216 1432 3257 sa·

290 3317 382 3381 mine
398 3324 559 3381 nascatur
575 3315 679 3399 oliva,
698 3338 739 3380 ex
758 3314 819 3379 illo
839 3314 947 3395 cunia,
962 3338 1002 3379 ex
1019 3315 1078 3380 illo
1098 3315 1209 3399 homo,
1223 3317 1307 3381 item
1319 3318 1356 3383 111
1368 3318 1433 3383 hoc

291 3464 432 3528 corpore
459 3444 463 3525 1
488 3442 537 3505 ita
561 3442 617 3505 vel
641 3441 690 3505 ita
714 3439 988 3527 complexionato
1013 3441 1224 3507 commodius
1244 3450 1432 3510 nascuntur
1458 3445 1618 3510 26'M

223 3572 267 3634 25
290 3567 387 3649 haec,
418 3566 629 3632 commodius
659 3590 740 3631 vero
760 3568 835 3649 illa,
856 3567 946 3631 uude
969 3574 1072 3653 poeta
1089 3567 1171 3631 ‘Hic
1195 3575 1340 3655 segetes,
1361 3568 1434 3634 illic

290 3693 437 3756 veniunt
462 3692 594 3757 t'elicius
614 3692 733 3775 uvae'3
753 3693 802 3756 ita
832 3714 872 3756 ex
893 3700 987 3757 certa
1011 3693 1122 3757 cordis
1148 3695 1204 3757 vel
1224 3694 1354 3759 cerebri
1378 3694 1433 3758 vel

291 3817 434 3904 spiritus
458 3817 619 3882 animalis
642 3817 809 3903 temperie
833 3824 867 3881 et
887 3818 1135 3904 complexione,
1154 3819 1358 3905 intemperie
1378 3820 1432 3884 vel

291 3944 565 4030 perturbatione,
580 3944 678 4028 quasi
692 3944 728 4008 in
740 3943 879 4030 proprio
894 3967 1014 4031 canuto
1033 3952 1068 4009 et
1086 3968 1128 4009 ex
1139 3946 1280 4032 proprio
1294 3945 1434 4029 semine,

384 4223 398 4269 7
423 4222 601 4285 quorundam
626 4221 647 4271 Ο
723 4223 739 4271 8
762 4220 875 4271 innanzi
895 4242 912 4271 a
936 4224 1112 4274 daemoniaci
1134 4226 1252 4274 cancella
1274 4225 1434 4276 daemonia·

293 4319 355 4352 cuin
371 4303 400 4351 ll!
461 4304 476 4351 9
494 4311 639 4367 utrunque
659 4301 710 4351 Ol!
774 4303 811 4352 13.
823 4306 852 4352 19
868 4303 905 4352 sic
920 4303 973 4354 011
1033 4306 1064 4354 lt·
1080 4303 1191 4354 tarnensi
1204 4324 1220 4352 o
1236 4307 1281 4355 cui
1297 4308 1433 4357 subtilius

294 4383 413 4432 corecella
426 4398 498 4447 quae
513 4383 651 4431 subtilius
669 4381 701 4430 M
761 4384 792 4430 20
807 4382 958 4434 indefinito
981 4384 1012 4434 M
1019 4388 1025 4420 ¹
1089 4387 1120 4435 ‘21
1137 4388 1217 4436 velut
1237 4386 1268 4435 M
1274 4404 1279 4435 :
1304 4386 1395 4436 voluti
1414 4388 1436 4439 0

293 4465 324 4513 25
348 4462 420 4527 l'crp.
439 4463 533 4528 Gccrp.
551 4465 572 4524 I,
588 4464 623 4510 54
