3488 5108
642 832 914 909 MEDICINA
959 832 1237 911 LVLLIANA

509 1089 635 1134 PAR'HM
657 1089 702 1134 EX
726 1089 975 1134 utrumnam
999 1090 1123 1134 PAR'l'ffl
1146 1091 1192 1135 EX
1215 1090 1368 1135 mstols

767 1196 945 1241 eumolpus
968 1197 1109 1244 EDVO‘I'A.

635 1656 839 1723 Fideliter
862 1657 1038 1723 collecta
1061 1680 1131 1743 per
1155 1680 1243 1742 noe,

420 1762 551 1829 nihilo
573 1772 738 1851 praeter
761 1770 800 1828 et
823 1771 939 1830 extra
962 1763 1236 1831 intentionem
1260 1764 1456 1850 adducto,

660 1870 820 1956 addito,
844 1893 973 1956 neque
997 1871 1211 1937 diminuto.

453 2338 473 2414 ξ
497 2331 524 2396 Ι.
548 2330 703 2396 Intentio
721 2336 840 2396 nostra
859 2336 911 2394 est
930 2350 999 2394 nou
1018 2334 1093 2395 tam
1112 2328 1250 2415 vulgari
1269 2349 1363 2394 more
1380 2327 1509 2416 princi-

361 2457 421 2544 pia
443 2455 647 2542 medicinae,
668 2477 756 2542 quae
774 2454 874 2542 praxi
904 2453 1063 2541 proxima
1082 2459 1179 2536 sunt,
1199 2452 1383 2536 adducere,
1403 2476 1508 2540 quam

363 2588 472 2647 artem
486 2580 594 2647 Lullii
611 2581 707 2647 illam
723 2579 920 2666 generalem
939 2579 983 2645 ad
1002 2601 1120 2646 omnes
1135 2578 1297 2646 scientias
1313 2584 1348 2645 et
1362 2578 1508 2646 faculta-

298 2706 339 2768 10
362 2712 413 2772 tes
432 2706 482 2772 ita
501 2706 653 2771 limitare
673 2711 708 2770 et
726 2703 923 2770 modificare
939 2704 1038 2771 iuxta
1053 2704 1127 2770 eius
1141 2702 1368 2790 intentiones,
1380 2711 1420 2770 ut
1434 2704 1509 2790 qui·

361 2831 447 2897 libet
466 2830 568 2897 facile
586 2830 624 2898 in
653 2853 755 2897 verae
786 2830 975 2896 medicinae
998 2830 1106 2896 totius
1130 2829 1366 2916 cognitionem
1391 2829 1508 2895 venire

361 2957 479 3042 possit.

451 3080 539 3163 511.
565 3079 766 3147 Subiectum
805 3079 1035 3166 adaequatum
1069 3077 1261 3144 medicinae
1299 3085 1351 3143 est
1385 3100 1508 3166 corpus

362 3205 564 3286 humanum,
578 3212 749 3292 quatenus
769 3206 924 3271 sanabile
943 3211 977 3270 et
997 3203 1219 3291 aegrotabile.
1233 3203 1373 3269 Sanitas
1392 3212 1508 3269 autem

298 3330 338 3393 15
363 3331 400 3396 in
429 3353 570 3418 corpore
599 3332 751 3397 humano
782 3339 833 3397 est
862 3331 1040 3419 proportio
1072 3328 1241 3417 quaedam
1261 3329 1452 3395 consistens
1471 3332 1509 3395 in

363 3456 591 3542 qualitatibus
610 3457 735 3522 activis
754 3464 789 3523 et
817 3457 967 3544 passivis
996 3463 1145 3542 quatuor
1173 3454 1436 3538 elementorum,
1454 3455 1509 3520 vel

362 3583 484 3647 saltem
503 3583 680 3670 proportio
700 3582 752 3647 illi
771 3581 990 3670 proportioni
1010 3579 1142 3646 similis.

452 3708 559 3791 §HL
584 3708 802 3773 Elementum
835 3729 895 3773 seu
925 3707 1171 3772 elementativa
1201 3704 1373 3792 duplicem
1404 3704 1509 3771 habet

363 3834 497 3901 essendi
517 3833 670 3900 modum:
690 3833 901 3900 obieotivum
925 3843 960 3898 et
987 3832 1226 3898 subiectivum.
1254 3833 1509 3899 Elementativa

295 3954 340 4017 20
363 3960 491 4024 inesse
511 3960 682 4025 obiectivo
700 3966 752 4025 est
771 3958 961 4044 aequaliter
991 3958 1136 4043 gradma
1156 3981 1198 4022 ex
1220 3957 1406 4045 praedietis
1426 3981 1508 4044 qua·

363 4092 442 4150 tuor
461 4085 653 4166 elementis;
674 4084 755 4169 quia
775 4106 856 4150 vero
871 4084 915 4149 ab
931 4084 1068 4169 aequali
1083 4084 1308 4172 proportione
1324 4091 1377 4168 (ut
1393 4083 1510 4169 inquit

363 4208 579 4293 Aristoteles,
598 4218 634 4275 et
651 4210 742 4274 ratio
760 4209 836 4296 ipsa
855 4208 978 4293 dictat)
998 4231 1069 4275 non
1088 4209 1245 4295 sequitur
1276 4209 1367 4277 actio
1398 4230 1509 4295 neque

461 4513 489 4562 ll
508 4526 603 4562 veram
618 4514 660 4563 Br

1538 831 1626 893 ὅδ’
