3488 5108
287 375 346 432 346
727 384 867 430 rosnuur
888 384 991 431 novur

288 545 433 626 tionem,
455 550 559 626 atquc
577 540 714 625 locatis,
735 546 905 606 eteorum
926 563 1013 628 quae
1030 541 1276 609 determinatas
1300 543 1432 609 habent

288 667 555 754 magnitudines.
578 666 749 744 Quoniam
767 688 849 732 vero
867 667 1075 754 positionem
1094 668 1298 734 habentium
1317 689 1432 756 corpo·

288 817 364 859 rum
384 793 609 878 tangibilium
627 791 843 858 differentiae
863 800 944 858 sunt
962 816 1069 880 grave
1092 802 1127 859 et
1145 792 1221 860 leve
1243 794 1432 860 secundum

290 919 474 1005 qualitates
493 918 716 1000 intrinsecae,
734 917 833 984 iuxta
848 941 929 985 vero
946 920 1246 985 circumstantium
1262 919 1433 984 rationem

244 1035 265 1096 5
288 1043 418 1109 habent
437 1064 573 1109 sursum
592 1050 627 1107 et
642 1043 813 1127 deorsum,
831 1067 870 1108 ea
889 1044 1028 1131 proprie
1047 1067 1083 1109 se
1099 1057 1243 1130 tangere
1258 1043 1433 1110 invenien-

288 1177 359 1254 tur,
380 1190 467 1254 quae
485 1168 696 1255 gravitatem
714 1168 845 1234 habent
863 1177 968 1254 atqua
986 1170 1174 1235 levitatem.

375 1312 410 1352 45.
436 1292 587 1359 Proinde
607 1314 739 1377 eorum,
765 1316 853 1378 quae
880 1301 1040 1379 movent,
1062 1295 1131 1361 alia
1161 1300 1302 1361 movent
1320 1302 1431 1379 mota,

289 1420 356 1487 alia
373 1442 454 1485 vero
471 1419 629 1504 immota,
646 1417 763 1484 omnia
779 1417 976 1485 huiusmodi
992 1420 1162 1507 deprimo
1178 1427 1274 1486 motu
1291 1426 1433 1486 movent

289 1545 430 1612 omniuo
449 1550 569 1610 mutuo
589 1550 763 1627 contactu,
781 1544 884 1609 simul
903 1545 1143 1632 approximate
1159 1545 1224 1611 hoc
1238 1545 1431 1632 patiuntur.

224 1675 266 1739 10
289 1671 357 1749 Qui
374 1693 456 1737 sane
476 1677 654 1736 contactus
678 1669 864 1756 aliquando
892 1678 945 1736 est
976 1671 1165 1737 secundum
1184 1672 1431 1754 substantiam,

289 1804 329 1862 ut
351 1796 488 1882 quando
519 1796 654 1881 lignum
681 1795 797 1881 tangit
824 1795 988 1883 lapidem,
1017 1796 1202 1881 aliquando
1227 1795 1433 1874 sclcundum
1456 1801 1550 1865 382
1563 1803 1601 1868 0¹

289 1922 487 2007 qiralitates,
508 1928 547 1986 ut
565 1920 626 1985 ubi
645 1920 738 2006 ignis
758 1920 916 1985 calefacit
936 1921 1074 2008 longius
1090 1922 1134 1987 ab
1153 1923 1228 2008 ipso
1244 1929 1436 2004 remotum,

291 2046 381 2130 quod
401 2053 467 2130 est,
490 2046 570 2130 quia
588 2045 702 2132 primo
721 2046 836 2132 tangit
855 2055 983 2130 aerem,
1005 2048 1102 2113 cuius
1131 2056 1248 2135 partes
1268 2048 1306 2113 in
1325 2048 1434 2114 circu·

289 2174 361 2238 lum
385 2196 445 2238 sou
464 2172 645 2261 sphaeram
675 2172 934 2260 progredientes
962 2174 1109 2240 subinde
1136 2175 1319 2261 attingunt
1348 2174 1434 2239 alias

226 2297 267 2361 15
291 2303 407 2386 partes
420 2305 454 2364 et
468 2298 512 2364 ad
528 2297 691 2363 solidiora
708 2320 851 2385 corpora
868 2299 1100 2384 contingenda
1116 2299 1332 2382 deferuntur3
1344 2299 1434 2365 unda

290 2426 512 2491 manifestum
529 2433 580 2491 est
599 2425 672 2490 siue
695 2431 793 2489 tactu
815 2425 932 2511 ignem
956 2447 1026 2523 non
1046 2425 1231 2492 calefacere
1253 2426 1434 2514 quippiam

290 2551 396 2616 etiam
424 2549 547 2632 solida,
571 2550 653 2616 licet
685 2572 756 2615 non
789 2551 954 2616 sensibili.
989 2550 1159 2616 Similiter
1191 2551 1357 2636 quoniam
1390 2550 1434 2616 ab

290 2677 450 2743 omnibus
468 2677 668 2764 corporibus
685 2677 838 2763 partium
855 2678 995 2764 quidam
1014 2677 1158 2744 effluxus
1173 2685 1342 2766 perpetuo
1358 2698 1436 2764 pro·

290 2801 393 2886 cedit,
414 2825 485 2868 non
504 2802 572 2866 alia
588 2802 630 2867 de
650 2824 752 2870 causa
769 2824 911 2887 magnas
931 2803 1004 2888 agit
1019 2803 1056 2867 in
1074 2802 1203 2868 ferrum
1223 2810 1257 2868 et
1272 2802 1435 2888 quodam-

223 2934 268 2996 20
290 2931 390 2997 modo
410 2932 497 2995 bene
525 2929 676 2995 afficitur
703 2953 723 2994 a
748 2930 852 3013 lenc,
885 2953 988 3015 quam
1017 2954 1078 3017 per
1109 2937 1306 2996 contactum
1330 2932 1433 2997 etiam

290 3057 482 3144 physicum.
502 3057 625 3142 {Huius
645 3057 695 3121 rei
714 3057 851 3142 signum
872 3065 936 3139 est,
954 3057 1046 3143 quod
1064 3058 1176 3123 virtus
1193 3058 1366 3143 magnetis
1385 3059 1436 3122 in·

290 3181 458 3265 tenditur,
477 3181 506 3246 si
522 3181 742 3268 perfricatur;
760 3182 876 3246 evcnit
896 3182 1002 3265 cirini,
1022 3189 1062 3246 ut
1081 3183 1193 3247 calore
1208 3182 1436 3248 rarefacicnto

290 3316 324 3372 et
344 3307 519 3393 aperiente
538 3306 674 3371 facilior
691 3307 843 3392 partium
863 3306 1008 3373 effluxus
1027 3308 1185 3393 eveniat]
1206 3291 1260 3373 lta
1280 3316 1315 3373 et
1332 3308 1435 3396 pisci·

290 3433 386 3498 culus
407 3432 546 3497 echinus
566 3455 690 3497 navem
711 3432 816 3515 sistit,
838 3440 872 3497 ct
891 3433 1034 3520 torpedo
1059 3435 1191 3500 retibus
1220 3434 1434 3522 apprehensa

223 3562 266 3626 25
289 3558 499 3645 piscatorum
529 3582 651 3623 manus
680 3557 883 3645 stupefacit3
913 3560 1030 3646 tangit
1061 3561 1152 3625 enim
1184 3562 1271 3627 retia
1300 3563 1364 3645 ita,
1396 3569 1435 3627 ut

291 3683 473 3748 efficaciter
500 3683 612 3748 virtus
639 3684 806 3768 quaedam
833 3707 894 3771 per
919 3684 1091 3750 funiculos
1110 3688 1317 3771 permeaudo
1338 3687 1342 3774 l
1364 3710 1434 3751 ma·
1461 3699 1610 3762 54OE

291 3832 373 3873 num
393 3808 554 3894 attingat.
576 3809 707 3874 Similis
726 3810 815 3873 ratio
835 3818 885 3874 cst
905 3809 996 3875 circa
1025 3810 1210 3876 fascinium
1239 3835 1300 3898 per
1319 3813 1434 3877 oculos

291 3943 325 3999 et
346 3935 472 3999 similia
498 3937 595 3999 iuxta
620 3936 754 4000 varium
785 3958 906 4020 genus,
939 3945 978 4000 ut
1006 3937 1212 4022 profundius
1242 3938 1435 4023 speculanti

299 4109 457 4116 ...-—
471 4110 510 4114 -.-
519 4108 801 4114 ...-·-—-—...—.
811 4110 886 4114 .-—-
897 4109 916 4115 ...
928 4110 1018 4115 w—-i
1027 4109 1040 4115 -
1049 4110 1054 4114 .
1064 4110 1112 4114 .-.-
1152 4110 1282 4115 ,----
1309 4110 1427 4117 ——.-

383 4210 398 4255 5
415 4207 485 4272 dopo
499 4215 617 4272 tangere
632 4209 749 4257 concello
761 4210 896 4260 videntur
913 4211 935 4261 C
980 4211 1097 4277 batque
1111 4212 1148 4260 B:
1165 4218 1193 4260 et
1210 4212 1231 4264 O
1277 4213 1322 4262 [9
1336 4215 1436 4263 Proin·

290 4291 527 4354 da—patiuntur]
542 4287 579 4338 εἰσ
588 4289 621 4349 Ε,
635 4290 669 4351 cs.
685 4288 735 4340 Ar.
746 4307 777 4353 p.
791 4291 857 4337 32311
876 4292 907 4338 12
918 4308 971 4354 sqq.
1022 4294 1051 4339 12
1065 4291 1114 4340 ubi
1129 4292 1164 4341 13:
1178 4292 1216 4340 ibi
1230 4293 1251 4342 0
1299 4295 1329 4342 16
1340 4293 1435 4355 ignem

291 4372 353 4419 sino
367 4374 502 4420 contactu
519 4370 541 4421 0
602 4369 641 4418 21.
651 4369 683 4419 23
700 4370 952 4420 Huius-oveniat
966 4368 992 4420 in
1007 4369 1128 4436 nuzrpine
1146 4371 1174 4420 ic
1191 4372 1229 4437 B,
1245 4373 1336 4422 esar&
1349 4374 1435 4440 plcssa

291 4453 323 4501 24
341 4452 535 4516 appraclronsa
549 4450 575 4498 Ε
