3488 5108
299 372 338 430 48
743 386 881 432 rounam
901 385 1002 431 anvur

299 565 365 628 que
387 542 547 609 diffusam
566 550 600 609 ct
624 543 667 610 ad
691 544 800 609 instar
824 549 969 609 naturae
988 541 1180 629 spiritualis
1203 542 1332 628 ubique
1355 541 1442 608 inte·

298 690 415 755 gram,
449 669 538 737 siout
569 677 603 735 et
633 669 842 759 percipimus
870 690 974 734 unam
1002 690 1136 751 vocem,
1163 689 1272 733 unum
1294 668 1440 734 verbum

298 795 484 882 prolatum,
503 795 632 881 ubique
655 803 784 878 totum;
806 802 854 879 et,
875 794 905 860 si
930 795 1058 879 ubique
1075 794 1165 860 adsit
1184 794 1291 878 auris,
1312 794 1441 880 ubique

298 920 449 1005 auditum
472 923 476 1010 Ι
496 921 656 987 similiter
671 922 700 987 si
712 920 804 987 adsit
822 920 1017 986 subiectum
1029 920 1157 1006 ubique
1168 919 1441 987 intellectionem
1469 921 1580 986 119ν

253 1050 274 1116 5
298 1046 439 1130 faciens,
468 1046 557 1113 sicut
576 1052 611 1111 et
641 1046 784 1134 spiritus
807 1046 938 1133 ubique
959 1046 1103 1130 animat,
1123 1045 1253 1132 ubique
1271 1045 1440 1130 vivificat,

296 1193 358 1260 pro
381 1171 515 1237 ratione
533 1171 710 1258 proximae
734 1172 872 1260 speeiei3
894 1171 985 1238 unde
1001 1171 1111 1238 veluti
1134 1194 1204 1237 non
1223 1177 1321 1237 motu
1339 1171 1441 1238 locali

295 1297 491 1363 intellectus
507 1303 542 1391 et
561 1296 677 1362 anima
695 1297 763 1382 his,
791 1320 877 1384 quae
892 1298 1089 1364 intellectus
1104 1308 1139 1362 et
1154 1296 1248 1363 vitae
1266 1305 1348 1364 eunt
1365 1320 1442 1386 par-

296 1421 431 1509 ticipia,
452 1421 611 1488 accedere
628 1422 855 1509 intelligatur.

384 1547 467 1612 ΧΠ.
491 1547 600 1613 Adest
619 1547 758 1634 quidem
777 1549 937 1614 omnibus
955 1570 1025 1615 non
1050 1548 1140 1614 sicut
1156 1570 1237 1635 pars
1261 1570 1373 1634 neque
1392 1548 1437 1616 si·

232 1678 273 1742 10
296 1679 354 1753 cut
384 1673 553 1761 potentia,
581 1672 641 1739 sed
665 1673 755 1739 sicut
784 1697 890 1761 agens
918 1681 952 1740 et
980 1674 1148 1740 forma-tor
1170 1674 1282 1761 magis
1300 1681 1439 1761 praesto

295 1799 396 1865 rebus
414 1801 488 1887 ipse
507 1822 610 1886 quam
635 1799 731 1887 ipsae
754 1799 834 1881 sibi;
854 1800 945 1865 unde
963 1821 1034 1865 non
1053 1800 1163 1866 veluti
1182 1799 1223 1865 de
1247 1799 1439 1867 forinsecus

295 1924 454 1992 accedere
469 1927 524 1991 vel
541 1926 689 2013 quodam
702 1933 799 1993 motu
816 1926 1033 2012 progressive
1047 1925 1089 1991 ad
1102 1926 1314 2013 operandum
1326 1933 1438 1993 trans·

295 2074 429 2118 currere
456 2051 687 2139 intelligatur,
719 2053 800 2139 quia
832 2051 953 2139 implet
988 2052 1111 2117 omnia.
1144 2051 1243 2129 Quod
1273 2061 1389 2119 autem
1418 2075 1438 2119 a

294 2177 507 2265 philosophis
526 2177 727 2266 separabilis
746 2201 766 2244 a
782 2178 883 2244 rebus
903 2178 1110 2265 appelletur,
1123 2178 1228 2244 immo
1240 2178 1437 2244 intellectus

231 2312 272 2377 15
295 2312 473 2391 separatus
501 2303 651 2389 dicatur,
681 2304 757 2370 ideo
790 2303 922 2370 dictum
950 2303 1157 2370 credendum
1186 2311 1250 2387 est,
1283 2304 1363 2390 quia
1393 2304 1437 2371 ad

295 2452 408 2494 rerum
439 2429 699 2516 particularium
723 2429 955 2495 substantiam
978 2450 1049 2494 non
1083 2430 1234 2516 pertinet
1258 2429 1366 2495 etita
1399 2428 1437 2495 in
1503 2416 1508 2425 ¹

295 2555 379 2643 ipsis
399 2563 571 2643 operat-nr,
594 2561 769 2621 uteorum
789 2577 869 2643 pars
885 2577 955 2620 non
970 2555 1114 2637 existat;
1132 2555 1334 2642 separabilis
1353 2576 1437 2640 quo-

296 2704 361 2768 que
380 2682 423 2747 ab
447 2681 500 2746 his
519 2703 590 2747 esse
606 2680 746 2765 dicitur,
766 2703 837 2746 non
857 2680 938 2766 quia
958 2682 1075 2747 abesse
1095 2703 1136 2745 ex
1156 2680 1271 2765 aliquo
1290 2680 1365 2745 loco
1383 2681 1435 2746 in·

295 2807 401 2895 cipiet
419 2807 474 2873 rel
493 2807 610 2873 adesse
622 2806 770 2890 desinet,
788 2807 847 2873 sed
862 2807 943 2893 quia
961 2829 1024 2894 per
1041 2807 1090 2872 rei
1110 2805 1371 2876 dissolutionem
1390 2808 1434 2873 ab

229 2933 493 3020 adopertione
518 2933 662 2998 desistit.
688 2932 982 3010 Quemadmodum
1001 2932 1094 2997 enim
1118 2931 1207 2997 citra
1230 2932 1335 3019 spatii
1355 2933 1439 2997 alte·

295 3058 462 3124 rationein
493 3058 645 3144 aliquam
670 3079 811 3144 corpore
840 3058 877 3123 in
908 3080 947 3123 eo
972 3057 1180 3122 consistente
1204 3057 1276 3123 eins
1307 3056 1436 3122 dicitur

294 3184 401 3268 locus,
415 3184 601 3269 eodemque
620 3183 786 3248 dissoluto
799 3206 870 3249 non
884 3183 1032 3271 amplius
1051 3183 1124 3249 cius
1148 3182 1241 3248 loeus
1258 3190 1325 3266 est,
1343 3181 1434 3248 nude

294 3311 382 3375 ratio
399 3311 464 3375 loci
481 3309 684 3397 separabilis
698 3316 749 3374 cst
769 3309 812 3374 ab
829 3330 950 3373 eonon
964 3315 1100 3373 tantum
1114 3308 1301 3392 quialocns
1321 3317 1432 3374 cessat

295 3438 467 3521 {tanturn}9
486 3437 683 3523 (quant-um)
704 3435 783 3520 quia
810 3434 960 3499 locatum
989 3439 1110 3514 eessat;
1131 3433 1181 3498 ita
1200 3455 1270 3498 non
1294 3439 1432 3499 tantum

227 3574 270 3636 ‘25
294 3572 343 3624 ost
364 3561 557 3626 intellectus
576 3561 778 3648 separabilis
801 3583 821 3625 a
844 3560 947 3625 rebus
966 3558 1001 3624 in
1023 3558 1147 3644 quibus
1172 3566 1248 3624 erat
1266 3558 1348 3644 quia
1368 3559 1433 3625 iste

295 3693 485 3772 separatur,
505 3696 673 3773 qumrturu
694 3687 773 3772 quia
794 3709 847 3751 res
867 3686 910 3751 ab
929 3685 1014 3773 ipsc.

383 3812 483 3877 XIII.
509 3812 563 3877 Iu
582 3812 799 3899 intelligutur
822 3810 982 3897 analogia
1007 3809 1203 3874 intellectus
1227 3810 1432 3876 universalis

385 4137 470 4199 Qrpp.
489 4135 525 4197 cf.
546 4138 615 4198 Opp.
636 4133 693 4183 ital.
711 4131 776 4182 cdi:
798 4132 922 4199 Lapardc
940 4150 970 4197 ρ.
988 4135 1056 4193 242,
1075 4135 1093 4182 8
1109 4150 1163 4198 sqq.
1228 4134 1244 4183 6
1266 4149 1323 4184 non
1340 4134 1432 4185 veluti

295 4224 373 4267 insitu
391 4215 421 4265 ,u
485 4216 515 4265 10
530 4213 669 4279 potentin]
688 4214 865 4275 substant-ia,
885 4232 902 4263 a
919 4220 1017 4277 quarite
1034 4214 1152 4274 eerraira,
1170 4216 1203 4264 ΑΙ
1269 4218 1298 4265 ll
1314 4215 1375 4280 ipse
1392 4216 1431 4266 A:

294 4297 385 4348 ocul!
447 4294 689 4362 ipsaellstpsel
755 4294 785 4344 12
801 4295 942 4358 quoddam
956 4294 1015 4357 (sict
1028 4308 1108 4345 motu
1120 4296 1253 4346 A:1notu
1267 4297 1436 4359 quodamM

292 4381 322 4427 21
339 4376 460 4426 erutam
471 4376 616 4426 canu-que
628 4384 740 4425 tant-uin
754 4374 823 4424 edri·
838 4391 934 4425 onus-so
951 4373 978 4423 iu
996 4375 1039 4434 M,
1058 4392 1070 4424 r
1087 4375 1212 4441 agrpiuuto
1230 4384 1371 4442 quantum
1387 4377 1433 4427 che

294 4476 386 4508 cauno
400 4457 426 4508 iu
442 4458 464 4506 .·l
528 4458 559 4507 25
575 4457 630 4507 iste
644 4456 681 4505 .l:
695 4457 755 4522 ipsu
767 4455 797 4505 J!
