3488 5108
290 369 348 427 194
726 381 867 428 reanum
887 381 991 428 naum

288 539 425 605 suntin
444 538 649 621 substantia,
668 546 707 603 ut
726 537 934 605 intrinsecae
958 539 1154 624 qualitates,
1173 540 1229 605 vel
1245 540 1336 605 eirea
1355 539 1433 605 sub

288 663 453 730 stantiam
483 669 518 729 et
548 670 663 747 extra,
695 670 735 729 ut
765 663 959 730 accidentia
988 664 1180 749 sensibilia,
1211 672 1246 756 et
1280 688 1432 751 eaquae

287 790 459 857 habentur
482 798 517 855 et
540 813 579 855 ea
608 811 696 877 quae
720 789 982 872 coordinantur;
1008 792 1124 857 omnia
1148 790 1241 857 enim
1265 797 1347 858 sunt
1372 814 1432 858 uu·

287 939 415 1000 merua,
435 937 596 981 mensura
619 922 655 980 et
677 915 767 999 vita,
792 922 827 981 et
851 916 888 981 iu
913 917 1073 983 omnibus
1096 917 1181 983 haee
1200 916 1319 983 eadem
1338 940 1431 1004 repe-

243 1046 264 1110 5
287 1045 435 1111 riuntur.
457 1044 462 1130 Ι
482 1041 564 1108 Vita
584 1042 677 1108 enim
697 1050 749 1115 eat
768 1043 843 1130 ipsa
863 1043 1025 1128 essentia,
1051 1044 1125 1109 vita
1144 1051 1197 1110 est
1215 1045 1372 1132 potentia
1396 1054 1432 1112 et
1457 1044 1573 1109 1'79‘

287 1173 413 1256 virtue,
436 1173 510 1239 vita
540 1179 593 1238 est
620 1178 717 1238 aetus
740 1172 895 1257 quidam,
920 1173 994 1239 vita
1017 1180 1069 1239 est
1102 1173 1268 1258 quiddam
1296 1174 1431 1241 absolu·

286 1305 362 1365 tum
381 1306 416 1365 et
434 1298 591 1365 absolute
610 1296 879 1382 consideratum,
904 1298 979 1364 vita
1007 1305 1059 1364 est
1087 1298 1173 1386 quid
1200 1299 1430 1386 respectivum

288 1428 331 1494 ed
349 1426 386 1493 id
405 1427 496 1513 quod
514 1429 704 1516 pervitam
724 1427 815 1493 vivit
833 1427 889 1493 vel
918 1427 1027 1492 vitam
1056 1426 1171 1492 habet.
1192 1427 1362 1493 Similiter
1384 1450 1433 1493 re·

286 1552 382 1640 lique
400 1553 478 1619 tria.
498 1553 570 1619 Ista
590 1564 674 1619 sunt
693 1553 754 1618 illa
773 1552 986 1641 praedicata,
1007 1575 1095 1639 quae
1119 1552 1307 1620 seeundum
1325 1575 1431 1619 unam

223 1681 265 1745 10
287 1679 480 1768 simplicem
498 1679 736 1746 definitionem
759 1681 815 1746 vel
838 1679 1105 1768 descriptionem
1127 1686 1274 1768 possunt
1297 1677 1367 1746 diei
1390 1679 1432 1745 de

288 1807 457 1891 omnibus,
474 1814 509 1873 et
524 1807 609 1873 talia
628 1807 807 1896 pertinent
827 1807 869 1873 ad
888 1808 981 1874 hune
1004 1807 1176 1891 ordinem
1196 1815 1331 1875 caetera
1350 1830 1432 1874 vero

287 1932 463 2020 generalia
492 1932 692 2020 praedicata
721 1933 881 2000 omnibus
912 1933 1214 2000 communicabilia
1244 1934 1432 2000 seeundum

287 2057 440 2124 diversas
458 2057 625 2143 rationeS,
646 2066 681 2124 et
700 2081 787 2145 quae
806 2081 878 2125 nen
896 2066 1043 2147 possunt
1073 2082 1177 2125 unam
1208 2059 1361 2146 recipere
1379 2083 1433 2125 re·

289 2182 434 2267 tionem,
454 2189 536 2249 sunt
555 2183 618 2249 sub
637 2184 751 2250 titulis
770 2184 918 2272 triginta
938 2191 1144 2270 statuarum,
1177 2208 1265 2270 quae
1293 2185 1432 2271 quidem

225 2314 265 2378 15
289 2329 356 2392 quo
377 2308 523 2374 artifieio
543 2309 703 2375 omnibus
721 2332 784 2397 pro
798 2333 860 2376 sua
871 2309 1007 2376 ratione
1018 2318 1121 2395 atque
1134 2310 1282 2396 singulis
1300 2332 1431 2377 aeeom·

289 2434 486 2520 medentur,
505 2444 625 2524 postea
644 2437 828 2502 videbitur.

461 2770 534 2845 DE
579 2770 1001 2850 CONSTI'PVENDA
1043 2773 1266 2849 Alauona

307 2912 414 2987 PRO
452 2911 752 2991 CAPTANDA
790 2916 1180 2994 DISTINOTIORE
1218 2918 1414 2992 HORVM.

469 3057 843 3134 'PERMINORVM
885 3061 1256 3137 DEFINITIONE.

223 3339 267 3401 20
378 3358 514 3424 Titulus
534 3359 634 3424 istius
655 3360 787 3425 arboris
806 3367 859 3425 est
878 3359 919 3424 de
938 3361 1146 3446 praedicatis
1171 3383 1230 3426 seu
1254 3361 1433 3426 attributis

289 3484 508 3570 generalibus
540 3491 574 3549 et
605 3485 864 3572 metaphysieiS,
889 3492 1011 3572 utpote
1042 3487 1328 3551 convenientibus
1360 3487 1433 3551 enti

289 3608 477 3675 seeundum
490 3608 581 3695 quod
594 3633 654 3676 ens
671 3618 731 3693 est,
749 3634 836 3696 quae
851 3611 990 3696 quidem
1007 3610 1170 3676 dicuntur
1185 3619 1433 3695 consequenter

290 3734 331 3800 de
355 3734 515 3800 omuibus
534 3740 638 3822 atque
658 3736 805 3821 singulis
833 3738 1051 3824 praepositae
1079 3737 1190 3801 scalae
1216 3737 1432 3802 substantiae

290 3860 468 3941 membris3
481 3860 565 3925 haee
577 3861 669 3925 enim
686 3862 802 3927 omnia
818 3872 877 3928 aut
893 3863 1093 3949 significant
1109 3863 1354 3946 substantiam,
1372 3870 1433 3927 aut

223 3984 266 4047 ‘26
291 3984 382 4069 qued
402 3985 510 4050 estin
529 3986 736 4068 substantia,
757 3995 817 4052 aut
836 3987 927 4070 qued
946 3989 1160 4053 substantiae
1179 3988 1351 4071 inhaeret,
1371 3995 1432 4053 aut

291 4110 381 4194 quod
401 4118 453 4175 est
472 4111 561 4176 eirea
581 4112 821 4177 substantiam.

297 4300 492 4307 --..——
502 4302 813 4312 -——-..—.--..
1013 4308 1069 4312 --.
1083 4309 1099 4312 ..
1110 4308 1161 4313 -....
1187 4307 1241 4313 .--—
1255 4307 1325 4312 ———
1346 4306 1431 4313 .-——

384 4389 601 4448 4(similitudo>
622 4395 651 4440 et
672 4391 733 4441 vitu
752 4392 784 4440 Μ
845 4394 876 4441 18
897 4392 1083 4443 distinctione
1106 4394 1141 4442 ill
1213 4392 1386 4442 arantibus
1408 4391 1431 4442 A

292 4470 323 4519 23
338 4471 529 4536 praepositae]
541 4488 570 4536 p.
585 4472 637 4521 184
700 4472 731 4521 26
744 4472 946 4524 substantiam.
960 4474 1037 4524 Illud
1053 4489 1119 4538 ergo
1133 4477 1168 4523 Al
