3488 5108
854 417 990 461 tonnam
1013 416 1114 462 numu

703 794 706 800 ¹
787 849 861 923 nu
905 849 1182 926 Arrarinv

830 1101 951 1142 'tractatus
966 1113 1048 1142 nonus.
1063 1101 1118 1152 Cap.
1136 1103 1155 1140 1.

513 1446 525 1489 s
540 1442 558 1481 1·
577 1422 767 1510 Appetitas
784 1428 837 1487 est
855 1422 1013 1508 potentia
1031 1423 1203 1509 generalis
1225 1424 1290 1490 sub
1309 1446 1345 1489 99
1363 1424 1486 1511 plures
1504 1445 1589 1510 spe·

425 1549 494 1613 9199
508 1548 648 1629 habens,
660 1548 751 1612 siout
762 1548 939 1634 appetitus
955 1555 1117 1613 extensus
1128 1571 1189 1635 per
1206 1549 1364 1635 regiones
1378 1549 1583 1614 domorum.

380 1678 400 1740 5
425 1674 472 1739 Et
495 1674 575 1759 quia
594 1674 715 1740 domus
740 1680 822 1740 sunt
842 1674 1011 1757 diversae,
1035 1684 1179 1741 causant
1200 1675 1355 1740 diversos
1375 1673 1581 1762 appetituS‚

424 1799 514 1864 siout
530 1799 650 1864 domus
663 1798 705 1864 de
720 1799 783 1864 ΑΕ
796 1807 915 1864 causat
927 1822 1035 1866 unum
1051 1799 1246 1886 appetitum
1261 1808 1295 1865 et
1308 1799 1428 1866 domus
1447 1800 1493 1865 de
1512 1799 1582 1864 BE

425 1924 541 2007 alium,
561 1938 596 1990 et
615 1924 664 1990 919
682 1924 724 1989 de
743 1924 837 2007 aliis,
859 1924 1022 2009 qnoniam
1040 1926 1071 1990 Ε
1091 1925 1155 1991 sub
1171 1925 1204 1990 A
1223 1925 1330 1991 estin
1349 1947 1411 1990 sua
1428 1925 1581 2011 regione

426 2058 460 2114 et
477 2050 505 2114 B
521 2051 584 2115 snb
604 2051 633 2114 E
652 2072 732 2116 non.
752 2050 852 2118 Unde
872 2053 1028 2135 sequitur
1047 2050 1138 2134 quod
1159 2073 1248 2116 unus
1264 2052 1441 2138 appetitus
1460 2057 1516 2116 est
1535 2050 1579 2115 in

426 2199 495 2241 una
515 2176 629 2260 domo,
649 2176 737 2242 alius
756 2177 793 2242 in
812 2176 890 2243 alia.
907 2177 1008 2243 Unde
1023 2177 1150 2261 aliquis
1167 2176 1343 2264 appetitus
1361 2184 1414 2242 est
1432 2199 1495 2264 per
1519 2175 1581 2242 de-

364 2304 660 2387 renotationem,
685 2312 720 2370 et
743 2304 832 2372 ratio
855 2305 958 2370 huius
977 2312 1029 2370 est
1049 2304 1131 2390 quia
1154 2310 1206 2368 est
1236 2305 1274 2368 in
1296 2304 1398 2369 domo
1428 2325 1504 2386 sua;
1537 2311 1578 2368 et

427 2429 515 2495 alius
538 2438 590 2496 est
613 2453 674 2516 per
693 2430 832 2495 modum
850 2429 1016 2495 tristitiae
1035 2435 1070 2494 et
1088 2429 1272 2516 9999191119,
1293 2428 1383 2494 sieut
1406 2429 1444 2493 in
1469 2429 1577 2494 domo

427 2557 469 2623 de
488 2557 561 2641 BD,
574 2557 611 2622 in
631 2580 699 2643 qua
718 2557 811 2622 dolet
829 2558 860 2622 D
879 2557 959 2642 quia
978 2563 1030 2622 est
1049 2556 1084 2621 in
1105 2557 1245 2642 regione
1262 2554 1304 2621 de
1320 2556 1360 2642 B,
1380 2563 1415 2621 et
1434 2557 1576 2644 appetit

427 2706 499 2749 esse
519 2682 556 2748 in
575 2682 676 2748 domo
695 2682 737 2747 de
756 2683 791 2746 H
807 2688 959 2768 quaeest
979 2705 1041 2748 sua
1059 2681 1164 2768 regie.

519 2829 575 2873 911.
594 2808 824 2895 Appetituum
840 2831 929 2873 unus
948 2816 1000 2874 est
1015 2815 1158 2895 propter
1174 2813 1304 2894 potum,
1322 2808 1410 2872 alius
1426 2815 1576 2894 propter

366 2941 406 3004 15
432 2934 559 3015 cibum,
581 2934 668 2999 alius
687 2943 829 3021 propter
852 2955 1023 3014 somnum,
1045 2934 1132 2999 alius
1160 2940 1302 3019 propter
1327 2933 1575 3020 repletionem,

430 3061 517 3124 alius
541 3069 682 3148 propter
710 3060 983 3143 evacuationem,
1014 3061 1101 3125 alius
1131 3068 1274 3147 propter
1298 3060 1450 3145 quietem
1472 3061 1475 3147 1
1497 3061 1574 3124 sive
1604 3065 1730 3128 1⁹76r

429 3192 568 3251 statum.
587 3188 633 3252 Et
649 3187 713 3252 1199
731 3191 875 3272 apparet
895 3185 929 3248 in
951 3185 1207 3250 conditionibus
1224 3183 1411 3268 domorum,
1423 3185 1513 3250 sicut
1533 3185 1573 3250 in

430 3314 532 3377 tertia
551 3313 651 3377 domo
671 3311 907 3398 significatum
927 3319 977 3375 est
1001 3319 1145 3395 quartae
1170 3311 1424 3395 simulationis,
1447 3311 1482 3375 in
1503 3334 1574 3397 qua

429 3438 556 3503 aneilla
575 3438 705 3503 seilicet
721 3438 910 3502 humiditas
926 3444 1092 3523 perpetuo
1110 3438 1244 3524 appetit
1256 3460 1393 3522 aquam,
1407 3445 1441 3502 et
1465 3437 1576 3502 domi-

363 3573 407 3637 20
430 3564 514 3628 cella
543 3564 674 3629 seilicet
704 3563 840 3628 siccitas
867 3564 999 3646 vinum,
1032 3569 1066 3626 et
1099 3563 1148 3627 sio
1179 3563 1220 3627 de
1252 3563 1329 3627 cibo
1354 3569 1388 3627 et
1412 3561 1489 3627 aliis
1510 3585 1574 3628 sno

432 3689 544 3770 modo;
562 3688 621 3753 sed
633 3689 670 3754 in
682 3689 781 3755 domo
802 3689 864 3752 BD
878 3689 916 3752 in
931 3688 1142 3754 eontrarium
1159 3688 1264 3754 habet
1279 3712 1362 3753 esse.
1383 3688 1575 3775 Appetitus

430 3815 618 3901 participat
648 3836 725 3878 oum
754 3814 920 3879 sensitiva
943 3814 1054 3879 forma
1085 3822 1119 3878 et
1150 3814 1392 3899 imaginativa,
1423 3835 1461 3877 eo
1492 3813 1575 3898 quia

430 3940 608 4026 potentiae
628 3940 831 4004 ooniunotae
847 3947 943 4021 sunt3
960 3948 993 4003 et
1012 3940 1061 4004 919
1081 3940 1255 4026 appetitus
1272 3939 1427 4025 disponit
1444 3938 1575 4025 speeies

432 4067 607 4152 potentiae
627 4066 824 4150 sensitivae,
845 4076 879 4131 et
899 4066 1064 4132 sensitiva
1084 4065 1341 4150 imaginativae.

524 4331 540 4378 6
556 4329 577 4377 il
588 4326 677 4392 primo
692 4327 724 4377 de
738 4326 882 4376 cancellato
898 4328 922 4390 (o
943 4324 1071 4388 pinttosto
1089 4325 1245 4388 niacclziolo)
1260 4327 1288 4374 X
1352 4327 1382 4375 12
1399 4327 1523 4392 appettit
1534 4325 1576 4390 X,

433 4409 467 4469 rs.
489 4427 506 4457 9
525 4410 626 4472 91620,
639 4410 654 4455 7
669 4410 722 4472 (ma
736 4409 987 4471 appetitu.19,p.
1012 4410 1098 4465 tati
1116 4410 1173 4470 919.)
1239 4408 1270 4456 16
1287 4407 1356 4469 dopo
1373 4408 1497 4471 quietem
1514 4423 1577 4456 can·

434 4490 499 4541 cella
517 4491 591 4539 alius
608 4489 637 4538 X
699 4490 729 4537 18
745 4487 780 4551 of.
794 4504 823 4549 9.
842 4488 904 4548 588,
917 4489 948 4536 13
