3488 5108
838 402 882 447 DE
902 402 1017 449 naeu.
1437 396 1497 456 423

444 561 501 629 Ad
519 561 610 628 idem
626 561 793 628 iudicium
809 563 960 630 refertur
972 572 1076 652 atque
1093 590 1243 654 cansam,
1257 569 1349 655 quod
1360 571 1498 637 adamas
1523 574 1604 637 16v
1618 576 1673 639 Μ

357 689 487 756 dicitur
504 686 673 774 impedire
696 687 786 754 hanc
809 689 1067 776 attractionem,
1088 692 1248 759 similiter
1266 702 1300 760 et
1318 695 1415 761 varia
1438 719 1496 762 va-

355 811 425 881 rias
442 814 541 896 alias,
559 836 646 899 quae
662 806 804 900 propria
819 814 979 881 effluente
995 817 1127 884 virtute
1144 819 1291 905 quadam
1307 828 1390 887 nata
1404 828 1497 905 sunt,

356 940 518 1007 hebetare
535 939 684 1006 alienam
700 939 878 1024 virtutem,
899 940 988 1007 sicut
1004 951 1039 1007 et
1053 944 1121 1010 alia
1138 946 1305 1031 quaedam
1321 947 1499 1015 intendere

313 1062 336 1128 5
358 1073 394 1132 et
412 1088 550 1150 acuere,
570 1072 610 1131 ut
628 1065 740 1131 fertur
759 1065 945 1133 adamanta
967 1070 1290 1154 magnanimitatem
1309 1074 1424 1140 animo
1444 1073 1499 1141 de·

359 1191 504 1258 ferentis
523 1190 719 1277 inprimere.

447 1336 551 1388 (xxm.)
572 1316 625 1381 De
648 1317 856 1384 attractione
879 1342 961 1386 vero
984 1322 1157 1406 magnetis
1185 1346 1206 1388 a
1230 1324 1323 1411 pole,
1353 1348 1423 1392 non
1453 1327 1502 1394 fa-

358 1442 424 1509 cile
454 1448 507 1507 est
537 1465 674 1508 causam
705 1441 890 1526 adducere,
919 1444 950 1508 si
972 1467 1042 1511 non
1070 1468 1189 1513 verum
1216 1455 1268 1513 est
1297 1449 1385 1516 illud
1410 1452 1501 1536 quod

360 1568 476 1650 aiunt,
504 1566 548 1633 ad
570 1565 666 1633 illam
697 1568 873 1654 regionem
904 1577 1037 1635 montes
1068 1572 1191 1639 similis
1214 1575 1340 1660 speciei
1358 1577 1501 1663 reperiri

295 1695 339 1760 10
361 1692 631 1781 quamplurimos
659 1698 694 1758 et
719 1715 874 1781 magnos
906 1694 999 1780 quod
1022 1701 1139 1762 tamen
1168 1704 1220 1763 est
1250 1698 1398 1765 difficilis
1426 1724 1502 1789 per-

360 1820 538 1887 suasionis.
569 1821 654 1886 Esto
684 1822 776 1887 enim
806 1821 913 1886 illud:
939 1823 1131 1909 quaeritur,
1164 1846 1270 1909 quare
1294 1825 1338 1891 ad
1368 1847 1501 1892 omnem

360 1950 561 2017 distantiam
585 1948 666 2014 talis
690 1948 851 2015 attractio
875 1948 945 2014 fiat.
976 1949 1096 2036 Neque
1126 1951 1219 2016 enim
1246 1952 1302 2018 hio
1330 1952 1503 2038 loquimur

363 2077 404 2143 de
428 2075 636 2142 attractione
655 2074 826 2160 magnetis
844 2097 914 2141 non
934 2075 1048 2142 activa
1068 2075 1126 2141 sed
1145 2077 1295 2164 passiva3
1315 2101 1400 2144 num
1423 2101 1503 2144 vero

363 2226 504 2290 magnes
523 2209 721 2289 magnetem
743 2201 875 2286 trahat,
897 2202 963 2268 hoc
986 2202 1139 2269 nondum
1158 2226 1234 2270 sum
1253 2210 1421 2291 expertus.
1441 2205 1505 2270 Ta·

299 2332 342 2398 15
365 2331 413 2396 les
433 2331 438 2411 Ι
460 2350 594 2415 quoque
623 2334 757 2393 montes
784 2328 813 2393 si
836 2335 919 2394 eunt
944 2336 979 2394 et
1002 2327 1045 2394 ad
1064 2335 1199 2395 tantam
1215 2328 1416 2395 distantiam
1435 2330 1504 2396 vir·
1529 2340 1666 2407 65vc

365 2461 475 2522 tutem
504 2454 648 2537 habent,
681 2461 772 2520 certe
801 2454 830 2521 si
855 2477 980 2521 azone
1003 2453 1134 2521 torrida
1154 2454 1297 2521 trahunt
1320 2477 1419 2521 acum
1449 2457 1505 2522 vel

365 2580 525 2668 tropicis,
557 2603 576 2646 a
602 2579 731 2646 nostris
760 2580 961 2668 regionibus
990 2580 1156 2648 deberent
1186 2580 1322 2647 trahere
1350 2579 1505 2648 homines

364 2714 533 2789 armatos;
559 2704 618 2772 sed
650 2706 715 2773 hoc
745 2708 886 2773 omnino
916 2707 1087 2774 ludicrum
1117 2706 1264 2774 videtur.
1295 2707 1397 2773 Mitte
1415 2707 1506 2795 qnod

368 2854 511 2918 magnes
529 2830 638 2898 trahit
668 2833 811 2916 ferrum,
843 2832 981 2918 quando
1009 2832 1098 2898 nihil
1123 2833 1344 2899 intermediat
1370 2840 1507 2920 praeter

300 2965 344 3029 20
367 2967 494 3041 adrem,
521 2965 625 3044 atque
648 2981 710 3045 per
734 2959 863 3025 lineam
886 2965 1035 3041 rectam,
1061 2959 1161 3024 modo
1186 2959 1425 3045 aregionibue
1449 2982 1507 3026 no-

366 3083 445 3148 stris
465 3082 508 3148 ad
532 3082 610 3149 illas
633 3091 763 3171 partes,
786 3085 847 3150 ubi
865 3091 947 3150 sunt
964 3092 1097 3150 montes
1114 3092 1148 3150 et
1163 3085 1294 3172 scopuli
1318 3085 1505 3171 magnetis,

365 3209 456 3274 ultra
476 3233 569 3276 marc
589 3209 869 3298 septentrionale,
888 3232 1033 3295 magnus
1050 3217 1161 3276 terrae
1181 3220 1294 3276 tumor
1312 3211 1504 3276 intercedit.

366 3335 531 3403 Traheret
549 3359 631 3423 ergo
651 3359 792 3421 magnes
816 3337 946 3402 ferrum
966 3338 1020 3402 vel
1045 3338 1086 3421 (si
1109 3337 1243 3402 ratione
1268 3337 1506 3404 similitudinis

279 3500 281 3505 ·
368 3463 530 3545 traheret]
560 3471 772 3551 magnetem,
803 3464 832 3528 si
863 3470 1024 3550 magnete
1048 3470 1166 3529 nostra
1197 3463 1365 3530 existente
1393 3465 1430 3530 in
1462 3465 1507 3549 A,

301 3595 344 3659 25
368 3599 500 3656 montes
520 3597 633 3655 essent
656 3590 694 3654 in
713 3590 763 3673 D;
784 3589 885 3656 modo
909 3589 946 3656 in
971 3590 1001 3654 B
1025 3590 1080 3654 vel
1099 3590 1137 3654 in
1157 3589 1182 3654 Ο
1203 3591 1393 3656 necessario
1412 3613 1507 3679 repe·

369 3715 520 3798 riuntur,
542 3715 590 3782 ita
613 3722 653 3781 ut
677 3715 860 3781 manifeste
884 3714 1075 3782 intercedat
1098 3723 1173 3782 tum
1197 3738 1322 3803 magna
1341 3716 1509 3783 distantia

460 4134 509 4186 28
526 4133 563 4183 sic
578 4133 631 4187 CM
691 4081 916 4183 5:213,th
977 4131 1050 4182 IDe
1065 4131 1248 4182 Attractione
1268 4138 1324 4192 ela]
1346 4131 1429 4197 lunga
1446 4139 1510 4183 ncta

368 4215 530 4282 ncaryinnle,
544 4215 572 4264 in
583 4232 653 4281 yrun
665 4222 746 4278 porte
758 4214 912 4280 illuminita,
929 4214 958 4265 in
970 4213 1014 4274 Μ,
1030 4214 1095 4264 douc
1105 4212 1199 4278 percio
1211 4230 1264 4262 uon
1276 4213 1299 4263 c’
1310 4229 1360 4263 cra
1370 4219 1447 4278 poeto
1456 4230 1510 4278 per

368 4297 390 4349 iz
408 4313 515 4347 nrrmero
532 4298 575 4360 ⁶23,
595 4296 639 4348 clu’
651 4297 798 4361 succindi
815 4296 942 4364 ayqinuto
957 4293 987 4346 in
1003 4311 1089 4361 marn
1105 4312 1122 4343 a
1139 4311 1163 4345 v.
1179 4296 1214 4343 24
1232 4309 1285 4357 aa:
1305 4293 1393 4344 {acccc
1408 4293 1437 4344 in
1456 4291 1511 4346 0⁸¹2

372 4396 479 4430 nunrero
496 4379 599 4431 XXIII
617 4379 630 4429 ὲ
648 4379 676 4429 in
696 4395 782 4446 naary.
800 4397 817 4429 α
839 4398 862 4430 u.
879 4381 923 4442 165
942 4395 985 4428 nia
1003 4378 1038 4440 cf.
1057 4375 1169 4428 ‘Thesea
1190 4375 1222 4425 de
1241 4374 1351 4445 Moyia‘
1362 4378 1390 4442 f.
1409 4378 1453 4426 81⁰
1469 4377 1512 4429 del

372 4460 428 4512 cod.
448 4461 470 4515 0
529 4461 561 4512 ‘23
577 4461 698 4513 rationis
712 4461 745 4512 Μ
806 4462 837 4514 25
854 4461 885 4512 in
898 4460 923 4512 D
935 4477 983 4512 cnr.
1002 4464 1024 4514 C
1084 4460 1116 4511 26
1132 4459 1174 4511 ita
1190 4460 1223 4514 O:
1238 4457 1348 4513 VitaM
