3488 5108
668 409 798 453 narrans
818 409 976 455 ramnus
998 411 1202 456 srarvauvu.
1469 399 1508 458 25

474 563 534 628 IV.
553 563 693 630 Dicitur
712 564 787 651 ipsa
813 565 964 651 primum
984 567 1193 648 subiectum,
1215 566 1297 653 quia
1316 588 1429 652 neque
1447 589 1507 654 pa-

363 711 441 756 rens
460 688 611 776 privatio
634 712 693 755 seu
718 689 826 756 Orous
846 691 1038 756 subiectum
1059 715 1131 756 esse
1161 698 1287 778 potest,
1308 714 1421 777 neque
1451 714 1508 758 va·

364 836 465 880 uuum
489 821 541 879 est
564 813 770 898 subiectum,
796 814 855 881 sed
880 815 1113 881 subiectorum
1137 816 1406 903 receptaculum
1432 816 1507 904 ipsa

364 962 443 1007 vero
463 943 598 1023 umbre,
620 964 707 1027 quae
731 940 842 1007 Chaos
860 942 1062 1008 universum
1081 942 1203 1029 implet
1227 948 1262 1007 et
1286 941 1366 1008 Oroi
1387 942 1508 1030 ampli-

319 1075 340 1137 ὃ
363 1068 519 1134 tudinem
538 1079 726 1154 exaequat,
752 1069 904 1156 primum
923 1076 975 1133 est
994 1068 1085 1155 quod
1104 1069 1245 1134 entitati
1265 1068 1448 1135 subiicitur
1472 1074 1508 1134 et

363 1199 459 1258 aetus
478 1193 587 1260 veluti
608 1193 821 1259 connubium
842 1199 1011 1280 acceptat,
1031 1193 1100 1258 luci
1120 1199 1240 1280 utpote
1265 1193 1505 1280 coniugabilis.

451 1318 492 1383 V.
504 1317 762 1406 Consequentur
775 1320 818 1385 ad
830 1320 1027 1407 proximum
1043 1320 1212 1405 sequitur:
1227 1322 1350 1386 umbra
1367 1342 1437 1386 non
1450 1321 1507 1386 ha-

362 1441 474 1508 benda
497 1450 549 1510 est
569 1442 652 1530 quid
672 1445 791 1511 fictum
809 1452 844 1510 et
868 1445 967 1530 quasi
990 1467 1074 1531 pure
1099 1445 1265 1532 logicum,
1290 1445 1349 1511 sed
1374 1453 1508 1512 costan-

363 1567 534 1634 tissimum
551 1568 648 1654 quid,
666 1570 770 1634 immo
787 1569 1065 1636 constantissima
1083 1577 1224 1652 natura3
1241 1570 1278 1634 in
1294 1570 1396 1635 rebus
1412 1569 1505 1635 enim

298 1695 342 1759 10
362 1693 580 1760 naturalibus
599 1694 725 1781 ipsum,
743 1694 834 1779 quod
854 1717 992 1760 manere
1010 1702 1176 1783 perpetuo
1192 1694 1363 1778 videmus,
1384 1705 1436 1762 est
1455 1694 1507 1761 in-

363 1819 524 1885 sensibile
548 1819 741 1884 subieotum
764 1819 863 1901 illud,
884 1820 973 1886 eirea
1003 1820 1094 1907 quod
1114 1820 1304 1887 formarum
1325 1820 1506 1908 peragitur

363 1943 574 2012 vicissitudo.

452 2068 511 2133 VI.
537 2068 620 2134 'Pale
638 2069 850 2157 principium
871 2079 922 2136 est
941 2070 1172 2150 iudicandum,
1193 2076 1233 2135 ut
1251 2092 1312 2157 per
1331 2092 1403 2135 sese
1427 2071 1504 2135 nul·

362 2191 429 2258 lius
449 2192 595 2259 actionis
615 2193 824 2281 principium
849 2203 957 2276 extet3
979 2217 1048 2261 non
1073 2195 1165 2260 enim
1189 2195 1297 2281 ipsius
1317 2204 1506 2279 satagere,

298 2324 340 2388 15
363 2317 422 2383 sed
442 2318 561 2404 agenti
580 2318 703 2383 subiici
724 2328 827 2404 atque
847 2320 1029 2385 substerni.

450 2442 529 2508 VII.
553 2443 782 2530 Impassibilis
811 2445 928 2511 eadem
957 2445 1091 2511 ratione
1119 2444 1324 2511 eoniioiatur
1351 2451 1505 2531 eportet;

363 2590 441 2634 eum
459 2568 553 2634 enim
577 2569 672 2634 varia
696 2591 809 2634 rerum
829 2569 1080 2655 generabilium
1104 2576 1138 2635 et
1164 2569 1444 2657 corruptibilium
1468 2570 1505 2635 in

363 2692 436 2759 eius
465 2693 564 2759 dorso
586 2692 767 2760 fluctuatio
794 2695 964 2777 videatur,
994 2697 1114 2783 passio
1134 2695 1245 2760 omnis
1276 2695 1320 2761 ad
1349 2718 1388 2761 ea
1419 2718 1506 2781 quae

364 2826 645 2906 corrumpuntur,
665 2842 735 2884 non
755 2829 869 2886 autern
890 2822 1072 2906 adipeam,
1093 2845 1179 2907 quae
1200 2821 1319 2887 eadem
1338 2830 1505 2909 perpetuo

296 2949 341 3013 20
363 2943 492 3026 subest,
513 2943 683 3010 referatur
700 2953 847 3032 oportet.
866 2947 969 3012 Aliud
985 2946 1077 3012 enirn
1095 2956 1146 3012 est
1161 2948 1252 3033 pati,
1269 2947 1364 3012 aliud
1381 2947 1505 3012 subiici

362 3069 400 3134 in
419 3069 605 3156 proposito.
625 3071 680 3135 Ita
702 3071 810 3157 igitur
829 3071 903 3159 ipsa
922 3071 996 3137 sine
1014 3072 1174 3160 passione
1193 3072 1386 3138 subiicitur.

452 3195 547 3260 VIII.
573 3195 672 3273 Quod
692 3219 761 3262 non
785 3220 845 3262 ens
869 3197 1074 3282 quibusdam
1098 3198 1278 3281 habeatnr,
1309 3221 1348 3263 ea
1372 3198 1505 3262 ratione

363 3319 492 3385 dietum
511 3326 666 3407 putetur,
687 3322 778 3406 quod
795 3323 884 3387 entis
901 3323 1034 3388 ratione
1051 3324 1240 3409 composita
1258 3330 1360 3408 atque
1376 3321 1504 3388 formas

362 3443 576 3531 intelligunt,
590 3454 629 3511 ut
642 3447 745 3511 etiam
759 3468 801 3511 ex
813 3447 881 3512 alio
901 3454 1051 3513 extremo
1069 3447 1364 3534 superessentiam,
1382 3446 1506 3531 hyper·

295 3571 339 3635 25
362 3570 470 3652 usian,
484 3593 554 3637 non
571 3571 754 3636 essentiam
768 3595 879 3657 neque
899 3596 958 3638 ens
976 3574 1153 3660 appellant
1169 3573 1317 3660 primam
1337 3592 1503 3655 caussam,

364 3695 446 3781 quia
473 3696 632 3762 omnibus
657 3697 883 3784 superminet,
912 3699 1018 3764 itaet
1046 3698 1193 3786 primam
1227 3696 1408 3763 materiam
1431 3718 1503 3761 non

363 3824 510 3907 ens,eed
527 3824 618 3891 infra
638 3848 706 3907 ens,
727 3832 892 3911 tanquam
913 3827 1028 3891 onmia
1047 3833 1253 3907 sustentans,
1274 3823 1501 3909 intelligatur.

456 4147 504 4196 la
519 4145 649 4210 proxime
666 4144 699 4194 Μ
759 4142 879 4194 abbiamo
902 4141 1055 4208 interpualo
1076 4142 1145 4206 dopo
1168 4142 1300 4208 sequitur
1364 4156 1422 4192 nen
1445 4157 1505 4191 cor·

362 4228 463 4276 reltoA
528 4226 577 4276 7.8
594 4225 724 4290 sequitur
737 4225 884 4287 umbram,
900 4224 1022 4274 Materia
1035 4223 1136 4287 prima,
1151 4220 1255 4274 Umbra
1274 4237 1331 4271 non
1345 4226 1389 4271 est
1401 4222 1504 4271 habeo-

363 4307 398 4355 da
415 4312 461 4356 etc.
483 4305 516 4355 Μ
575 4306 653 4356 20.·2[
672 4304 785 4355 subiici.
806 4304 836 4354 in
857 4305 1003 4370 proposito
1024 4305 1113 4367 igitur
1141 4302 1203 4353 siue
1228 4302 1361 4367 passione
1387 4301 1449 4366 ipsa
1474 4301 1505 4350 Μ

361 4387 393 4437 23
409 4388 485 4437 entis
501 4386 613 4437 ratione
634 4384 671 4435 A:
694 4387 773 4434 entia
792 4384 823 4434 Μ
884 4386 965 4434 21325
990 4400 1025 4434 ex
1046 4383 1102 4434 allo
1125 4391 1253 4434 extremo
1275 4377 1452 4450 ὑπαρξιουσὶαν
1472 4389 1503 4442 ÷

363 4465 517 4531 (zbecest)
532 4467 785 4533 supereffluentem,
802 4481 894 4530 neque
908 4480 957 4515 ens
970 4464 1000 4513 Μ

500 4560 577 4600 Buuru
595 4559 650 4609 Opp.
665 4560 705 4598 lae.
720 4559 765 4598 111.
1332 4556 1344 4594 4
