3488 5108
302 405 362 463 352
744 413 886 461 rounam
906 413 1009 460 aaran

302 573 361 638 sed
391 573 483 658 quod
511 579 649 638 tantum
679 578 846 659 appareat
874 571 1092 654 continuum3
1123 576 1228 657 atque
1256 571 1308 635 ita
1332 568 1449 636 omnia

302 721 375 764 esse
393 698 585 786 composita
604 696 787 784 exprimis
807 696 889 781 illis,
910 703 950 762 ut
979 696 1016 761 in
1047 695 1166 762 eadem
1194 701 1276 761 sunt
1296 695 1300 783 l
1321 693 1448 761 resolu-
1472 698 1624 763 57⁹3

302 824 387 890 bilia
411 824 537 909 quibus
556 822 841 889 concurrentibus
860 829 895 888 et
914 821 1198 909 contingentibus
1216 827 1393 902 constant,
1411 826 1447 886 et

301 973 381 1015 vere
412 949 616 1015 continuum
646 957 751 1034 atque
778 947 927 1014 solidum
954 919 1079 1035 eorpus
1109 969 1181 1013 esse
1210 946 1363 1034 primum
1386 968 1446 1012 seu

257 1069 277 1132 5
301 1083 469 1156 atomum,
485 1072 577 1161 qnod
595 1073 692 1139 nulla
710 1073 878 1139 violentia
898 1071 1129 1156 discindatur,
1150 1071 1331 1138 alterabile
1349 1071 1396 1138 sit
1411 1079 1447 1139 et

300 1200 476 1286 passibile,
496 1199 631 1284 reliqua
647 1199 765 1264 omnia
783 1198 827 1266 ob
851 1198 888 1264 id
910 1199 1037 1286 ipsum,
1058 1196 1150 1284 quod
1169 1196 1358 1263 divortium
1377 1203 1447 1264 ato·

300 1349 435 1392 morum
453 1325 651 1413 patiuntur,
672 1323 929 1411 corruptibilia,
960 1324 1050 1390 sicut
1078 1323 1289 1390 consortium
1320 1321 1446 1411 adepta

300 1459 381 1517 sunt
398 1449 627 1537 generabilia,
648 1451 653 1537 Ι
674 1449 738 1515 hac
757 1450 891 1516 ratione
909 1449 1040 1516 actioni
1064 1449 1298 1516 subiiciuntur
1315 1455 1350 1515 et
1367 1470 1444 1536 pas·
1467 1448 1549 1511 41³
1563 1446 1601 1510 Ο

300 1577 431 1642 sionem
451 1575 614 1658 subeunt,
634 1574 727 1660 quod
745 1574 814 1640 alio
845 1581 946 1662 pacto
976 1574 1208 1662 penetrabilia
1227 1579 1318 1640 sunt.
1338 1575 1446 1639 Pene-

238 1706 278 1768 10
301 1699 442 1767 trabilia
459 1723 540 1767 vero
557 1709 640 1767 sunt
657 1707 800 1787 propter
818 1721 920 1786 poros
937 1721 996 1766 seu
1009 1706 1158 1781 meatus,
1175 1699 1252 1787 pori
1267 1721 1349 1766 vero
1365 1705 1447 1765 sunt

299 1833 443 1913 propter
464 1825 619 1912 partium
642 1848 713 1891 non
737 1824 1005 1891 continuitatem
1028 1824 1088 1889 sed
1111 1824 1391 1911 contiguitatem,
1412 1831 1448 1890 et

300 1950 381 2036 quia
406 1949 565 2032 minima,
590 1952 813 2035 quantumvis
836 1950 1003 2015 haereant
1026 1955 1114 2032 arte,
1139 1971 1274 2036 semper
1299 1948 1447 2015 inanita

300 2081 370 2139 tem
389 2075 543 2160 aliquam
562 2081 597 2140 et
616 2075 768 2160 spatium
787 2075 989 2159 relinquant
1006 2074 1099 2139 inter
1117 2095 1226 2140 unum
1246 2079 1351 2159 atque
1367 2073 1449 2140 alte·

301 2223 377 2266 rum
393 2207 572 2267 contactus
590 2206 772 2288 punctum,
791 2198 880 2264 sicut
899 2206 1043 2287 apparet
1059 2201 1119 2266 ubi
1134 2200 1253 2287 plures
1273 2198 1394 2266 circuli
1412 2221 1449 2265 se

236 2328 277 2391 lo
302 2325 512 2412 contingunt
528 2348 587 2391 sen
603 2325 700 2412 globi
716 2347 775 2390 sen
790 2325 967 2392 variorum
983 2327 1132 2391 laterum
1149 2325 1280 2412 figurae
1296 2333 1331 2391 et
1347 2325 1448 2390 aliter
1521 2375 1523 2378 Α

301 2457 406 2536 atque
424 2451 525 2516 aliter
543 2449 693 2517 formata
712 2471 868 2539 corpora,
893 2451 935 2517 de
966 2451 1092 2537 quibus
1121 2473 1192 2518 non
1222 2449 1317 2516 aliud
1347 2472 1449 2538 argn-

301 2583 457 2649 mentum
474 2575 525 2660 fit,
543 2576 617 2642 sive
632 2598 760 2663 magne
777 2577 850 2642 sive
861 2576 1007 2642 minima
1019 2576 1235 2642 cohaereant.
1249 2576 1352 2641 [uxta
1364 2598 1447 2661 ergo

300 2701 390 2766 hanc
408 2701 502 2767 viam
525 2701 627 2766 facile
650 2708 725 2767 erat
756 2702 839 2786 illie,
871 2702 1005 2767 salvare
1033 2703 1204 2767 rationem
1233 2700 1382 2767 aetionis
1411 2706 1448 2767 et

299 2827 471 2914 passionis
490 2827 527 2891 in
546 2827 657 2892 rebus

234 2962 279 3026 20
391 2971 423 3010 oo.
444 2952 512 3017 Sed
530 2952 754 3039 Peripatetici
772 2952 862 3018 hanc
881 2953 1050 3018 rationem
1066 2976 1137 3039 non
1157 2960 1353 3041 acceptant;
1371 2953 1447 3039 qni·

300 3079 364 3143 bus
395 3077 597 3142 continuum
629 3086 680 3142 est
710 3079 910 3143 universum
935 3085 969 3142 et
1000 3078 1250 3164 quodammodo
1279 3101 1387 3144 unum
1412 3085 1447 3143 et

300 3202 497 3268 absolutum
517 3209 581 3284 est,
602 3226 641 3266 ao
659 3204 826 3290 figmento
851 3202 963 3268 simile
988 3203 1053 3269 hoc
1077 3205 1169 3290 quod
1190 3205 1194 3291 Ι
1216 3205 1259 3270 ab
1279 3203 1448 3291 Empedo·
1473 3206 1618 3270 58¹3

301 3327 364 3410 ele,
389 3328 583 3394 Democrito
607 3334 642 3393 et
665 3329 841 3415 Leucippo
861 3329 1034 3395 asseritur.
1059 3329 1145 3394 Inde
1169 3329 1262 3394 enirn
1293 3351 1447 3415 sequere·

300 3460 371 3539 tur,
393 3454 484 3539 quod
504 3456 592 3520 nihil
612 3462 701 3521 esset
720 3478 841 3540 unnm;
862 3456 1002 3542 quodsi
1022 3456 1111 3521 nihil
1141 3464 1229 3523 esset
1248 3479 1370 3540 unum,
1390 3480 1448 3522 ne-

234 3589 278 3651 25
302 3601 367 3662 que
386 3587 500 3644 essent
518 3581 640 3664 multa,
660 3580 719 3646 sed
738 3603 887 3647 vacuum
907 3587 994 3646 esset
1024 3604 1138 3665 omne,
1164 3582 1192 3647 si
1217 3581 1446 3668 undequaque

301 3703 476 3769 divisibile
496 3705 654 3790 capiatur
673 3727 774 3771 omne
794 3728 917 3793 eorpus
937 3712 971 3772 et
991 3713 1152 3772 constans
1170 3707 1269 3794 ipsis,
1291 3729 1379 3792 quae
1397 3706 1446 3772 ita

302 3853 337 3895 se
358 3829 580 3916 contingunt,
600 3838 829 3916 utnusquam
849 3831 1056 3897 inanitatem
1076 3833 1188 3919 magis
1208 3854 1312 3917 quam
1338 3831 1447 3918 pleni-

302 3955 458 4020 tudinem
478 3955 589 4042 possis
609 3955 751 4038 intueri;
771 3979 883 4042 neque
903 3958 995 4022 enim
1016 3958 1127 4043 magis
1153 3958 1272 4022 liceret
1297 3979 1446 4022 asserere

302 4081 503 4146 universum
519 4081 661 4169 plenum
681 4105 785 4168 quarn
804 4083 916 4149 inane.
937 4084 1010 4149 Alii
1035 4105 1114 4149 vero
1139 4106 1180 4149 ex
1204 4083 1357 4168 antiquis
1376 4082 1446 4169 opi-

302 4278 551 4286 ——————

393 4386 445 4437 al.
466 4387 525 4438 sint
589 4388 619 4438 13
637 4388 654 4438 l.
671 4386 842 4451 relinquunt
905 4387 943 4438 16.
955 4387 984 4437 17
1007 4384 1089 4435 sicE
1149 4382 1449 4448 ‘ZOPeripathetieiE

300 4470 333 4522 23
347 4470 503 4535 Leucyppo
518 4469 545 4520 ll
605 4469 637 4519 25
653 4467 838 4536 undiquaque
851 4467 878 4519 It*
