3488 5108
286 343 345 403 436
725 359 866 407 reanum
887 361 989 408 auvur

285 515 531 604 metaphysica.
551 516 594 582 In
611 517 725 603 prima
744 523 795 583 est
824 517 1104 601 fundamentum,
1124 519 1162 584 in
1180 520 1332 586 secunda
1353 542 1431 607 gra·

286 645 363 728 dus,
400 646 438 711 in
471 645 576 711 tertia
610 667 773 712 cacumen
811 645 944 711 scalae:
980 647 1093 733 prima
1126 646 1230 712 habet
1259 647 1430 714 rationem

286 770 536 859 principiorum
557 771 749 838 activorum
778 777 813 835 et
841 772 1057 858 passivorum
1088 771 1275 838 secundnm
1306 794 1430 857 genus,
1523 832 1529 844 ‚

287 894 435 962 secunda
454 903 664 983 temporum,
684 896 837 962 locorum
861 903 895 961 et
919 918 1152 978 numerorum,
1173 897 1277 962 tertia
1295 896 1433 963 univer-

243 1033 264 1096 5
287 1020 413 1087 salium
431 1021 681 1108 principiorum
709 1029 744 1087 et
773 1043 962 1087 causarum.
988 1021 1056 1086 Hic
1085 1031 1138 1087 est
1167 1021 1342 1088 funiculus
1371 1020 1433 1086 tri·

285 1127 380 1234 plex,
401 1147 462 1233 qui
481 1146 620 1212 difficile
635 1146 818 1235 rumpitur.

375 1291 395 1343 (s
408 1290 436 1342 v)
453 1271 649 1338 Secundum
678 1272 857 1337 vinculum
884 1272 1012 1359 triplex
1038 1280 1105 1353 est,
1131 1271 1224 1358 quod
1242 1271 1433 1357 requiritur

284 1406 360 1468 tum
379 1401 417 1465 in
435 1405 608 1486 operante,
625 1405 700 1463 tum
718 1398 755 1462 in
774 1406 930 1484 operate,
946 1405 1020 1463 tum
1036 1398 1074 1462 in
1094 1419 1133 1462 ee
1153 1397 1243 1462 circa
1263 1419 1364 1483 quem
1381 1401 1434 1462 est

285 1524 453 1612 operatio,
473 1530 509 1589 et
532 1530 584 1589 est
601 1522 668 1589 fide
688 1545 747 1588 seu
766 1523 970 1589 credulitate
994 1530 1168 1603 constane,
1190 1522 1274 1587 item
1296 1521 1434 1587 invoca

221 1649 394 1733 lotione,
424 1649 507 1714 item
537 1671 653 1715 amore
679 1655 713 1714 et
742 1648 878 1714 ardenti
902 1647 1028 1713 effectu
1059 1671 1137 1713 cum
1165 1647 1358 1712 activorum
1388 1645 1433 1711 ad

268 1773 423 1860 ,passiva
442 1773 694 1860 applicatione3
713 1773 848 1838 aninrae
868 1773 960 1838 enim
982 1780 1033 1838 est
1064 1773 1223 1838 effective
1248 1772 1433 1836 immutare

286 1921 429 1987 corpora
448 1921 507 1965 seu
527 1899 766 1987 compositum,
788 1899 940 1986 corporis
959 1920 1040 1964 vero
1059 1897 1285 1963 materialiter
1299 1903 1351 1962 est
1369 1896 1433 1961 im-

285 2033 419 2092 mutare
434 2025 594 2091 animam.
608 2026 703 2092 Haec
715 2025 784 2091 nisi
797 2025 1001 2091 accesserint
1015 2048 1073 2092 seu
1090 2025 1206 2091 adsint
1218 2023 1432 2111 praesertim,

288 2150 451 2235 curando,
465 2151 632 2216 movendo
652 2158 686 2216 et
705 2151 870 2238 agitando
889 2150 977 2216 nihil
997 2152 1070 2232 fiet,
1088 2150 1179 2216 unde
1199 2149 1432 2215 fortunatissi-

222 2283 263 2348 15
286 2299 362 2343 mus
381 2299 502 2363 magus
521 2282 573 2341 est
592 2276 647 2341 cui
665 2277 768 2342 multi
788 2277 944 2360 credunt,
969 2277 1099 2341 multae
1118 2284 1170 2341 est
1188 2275 1431 2362 persuasionis.

374 2420 394 2472 (1
409 2420 449 2472 xl)
464 2401 528 2467 ΠΙ.
548 2402 741 2486 vinculum,
757 2403 848 2489 quod
859 2402 1005 2470 habetur
1019 2402 1186 2484 efficiens,
1203 2411 1256 2466 est
1269 2421 1431 2467 numerus

285 2527 497 2614 principum,
515 2528 574 2613 qui
593 2529 690 2595 iuxta
705 2529 862 2595 cardines
880 2529 1034 2596 universi
1053 2534 1201 2614 quatuor
1220 2526 1431 2592 distribuun-

285 2660 343 2718 tur
366 2653 410 2718 ad
429 2677 468 2719 ea
486 2676 606 2741 opera,
632 2677 718 2741 quae
747 2679 767 2721 a
795 2654 888 2721 caelo
912 2654 1162 2743 perquiruntur
1186 2662 1221 2719 et
1245 2677 1265 2719 a
1295 2659 1429 2718 natura.

286 2779 428 2844 Praeter
445 2779 507 2845 hos
525 2802 588 2867 pro
608 2780 787 2847 effectibus
811 2781 1017 2847 voluntariis
1047 2788 1082 2845 et
1115 2778 1430 2845 extranaturalibus

220 2915 264 2979 20
288 2911 369 2968 sunt
386 2905 560 2991 principes
580 2904 848 2972 determinatum
866 2909 979 2973 lecum
999 2929 1068 2971 non
1087 2906 1263 2970 habentes.

374 3048 394 3093 (s
414 3048 465 3098 xn)
484 3031 543 3095 IV.
565 3031 743 3097 vinculum
762 3038 814 3097 est
838 3033 953 3097 anima
977 3031 1098 3095 mundi
1118 3053 1177 3095 scu
1197 3029 1340 3116 spiritus
1356 3028 1432 3093 nni·
1456 3033 1537 3096 gp
1551 3036 1606 3096 M

284 3155 394 3237 versi,
412 3157 471 3240 qui
484 3156 600 3221 omnia
614 3158 753 3244 copulat
765 3158 910 3243 unitqne
923 3157 1094 3238 omnibns,
1108 3156 1199 3220 unde
1214 3156 1257 3220 ab
1270 3155 1430 3220 omnibns

285 3280 386 3345 datur
405 3280 519 3346 aditus
538 3283 582 3347 ad
603 3283 733 3366 omnia,
754 3282 843 3348 siout
863 3283 993 3347 dictum
1014 3290 1065 3347 est
1084 3282 1121 3345 in
1140 3281 1384 3368 superioribus.

372 3425 470 3476 (11111)
485 3406 525 3472 V.
545 3407 724 3473 vinculum
743 3416 824 3473 sunt
843 3408 978 3474 animae
1002 3416 1172 3473 astrorum
1198 3416 1231 3471 et
1256 3405 1430 3494 principes

221 3544 264 3609 25
287 3531 453 3613 locorum,
473 3538 672 3616 ventorum,
692 3534 947 3598 elementorum.

374 3677 393 3725 rr
413 3676 478 3728 x111)
497 3658 557 3722 VI.
584 3657 732 3724 Animae
751 3683 810 3724 seu
839 3659 1020 3725 daemones
1048 3659 1281 3746 praesidentes
1301 3666 1431 3746 tempo·

285 3782 394 3864 ribus,
416 3783 548 3867 diebus,
569 3785 833 3870 tempestatibus
853 3793 887 3851 et
909 3787 994 3873 ipsis
1014 3787 1202 3852 elementis⁸

377 4090 523 4140 2schulae
543 4092 566 4143 0
626 4090 875 4155 ildopoetripete
897 4092 1104 4142 activorum&
1165 4093 1246 4154 isqq.
1265 4091 1426 4141 Secundum

284 4171 431 4221 vinculum
443 4171 580 4221 consistit
591 4170 621 4221 in
636 4171 771 4236 operibus
786 4171 945 4221 voluntatis
958 4187 1042 4237 uturp.
1061 4172 1092 4222 M
1138 4175 1216 4223 10.11
1235 4172 1430 4236 cum—appii·

286 4250 399 4301 catione
413 4251 443 4301 in
456 4251 578 4317 nrarpr’ne
591 4269 638 4301 corr
655 4249 786 4301 riclriarno
803 4253 846 4300 nel
862 4258 924 4301 resto
941 4250 970 4301 in
987 4252 1017 4301 Μ
1080 4255 1117 4303 14.
1128 4255 1158 4303 15
1175 4254 1392 4303 sornatissirnus
1408 4256 1430 4305 0

287 4332 317 4380 16
332 4331 456 4396 Reliqua
472 4332 589 4382 vincula
605 4337 675 4382 sunt
692 4348 727 4381 ex
741 4334 870 4383 externis
887 4333 1041 4395 relatibus,
1067 4335 1296 4398 operationibus,
1314 4334 1428 4399 mediis,

286 4411 513 4462 circumstantiis
528 4418 556 4462 et
568 4412 708 4463 subiectis
722 4428 809 4479 uturp.
824 4412 858 4461 M
917 4414 948 4463 21
958 4415 1009 4464 126
1025 4415 1101 4465 ΧΙΠ
1115 4431 1128 4464 e
1142 4415 1225 4474 XIII]
1242 4415 1280 4468 sic
1291 4415 1323 4465 M
