3488 5108
306 358 365 418 452
744 372 884 420 manem
903 373 1006 420 nnvru

305 528 472 596 eiusmodi
495 528 592 594 miris
615 527 869 594 intentionibus
891 526 1009 593 liberis
1028 533 1063 592 et
1082 526 1251 593 ordinatis
1271 528 1447 615 expellun-

304 663 362 721 tur
390 666 425 722 et
454 654 697 738 extruduntur,
728 654 903 720 concludit
930 675 986 719 eos
1009 652 1097 719 nihil
1121 652 1218 719 aliud
1245 675 1445 738 essequam

304 782 476 863 humores;
496 779 587 845 unde
605 803 713 866 aeque
731 802 908 868 possemus
931 779 1045 844 dicere
1068 800 1165 844 suam
1190 778 1444 864 excellentiam,

305 929 393 992 quae
407 907 560 993 plurium
576 905 708 971 animas
723 927 786 992 per
801 927 970 972 secessum
986 927 1004 970 e
1020 925 1160 990 corpore
1173 903 1268 970 abire
1281 904 1443 992 coegerit,

261 1039 344 1104 but
373 1039 408 1097 et
438 1031 589 1097 animam
617 1031 728 1118 ipsam
755 1030 861 1096 etiam
889 1029 1068 1096 humorem
1095 1051 1155 1095 scu
1188 1039 1445 1097 excrementum

304 1156 492 1240 existimet,
521 1156 582 1221 aut
611 1156 641 1220 si
667 1155 812 1242 penuria
840 1153 910 1220 cibi
941 1162 1045 1240 atque
1071 1163 1175 1241 potus
1203 1161 1347 1239 cogatur
1370 1154 1445 1242 ipse

304 1305 401 1348 suam
417 1282 557 1347 domurn
580 1288 614 1346 et
630 1280 780 1368 patriam
803 1280 957 1346 deserere
975 1284 1117 1367 propter
1140 1277 1330 1345 medicinae
1349 1279 1445 1366 igno·

303 1409 453 1473 rantiam
485 1415 521 1473 et
549 1408 748 1494 apertorum
786 1414 932 1472 naturae
973 1404 1125 1471 colorum
1164 1414 1269 1490 atque
1301 1427 1443 1488 vocum,

303 1533 538 1599 existimemus
562 1556 639 1599 curn
666 1531 753 1599 nihil
779 1531 874 1599 aliud
897 1554 969 1598 esse
992 1537 1095 1616 quam
1115 1530 1157 1596 de
1176 1553 1302 1618 genere
1325 1552 1443 1599 eorum

239 1664 280 1727 10
303 1682 390 1744 quae
409 1659 507 1724 illum
527 1659 730 1746 expellunt

391 1783 560 1850 Omnibus
588 1783 681 1850 hisce
709 1784 819 1850 modis
850 1806 927 1849 cum
947 1782 1129 1869 contingat
1152 1781 1279 1848 vinciri
1303 1790 1338 1847 et
1361 1782 1444 1849 obli·

302 1911 378 1998 gari
401 1933 553 1993 sensum,
583 1909 714 1976 medico
734 1933 793 1976 scu
825 1932 927 1996 mago
957 1903 1105 1976 maxime
1135 1908 1366 1976 insistendum
1391 1916 1442 1975 cst

302 2038 392 2103 circa
412 2057 496 2124 opus
519 2036 741 2124 phantasiae;
772 2036 837 2101 hoc
856 2037 948 2102 enim
975 2044 1027 2102 est
1045 2044 1148 2124 porta
1171 2043 1206 2102 et
1235 2036 1441 2124 praecipuus

302 2163 416 2228 aditus
440 2162 483 2227 ad
508 2162 659 2228 actiones
678 2169 713 2226 et
732 2161 907 2248 passiones
932 2161 1145 2248 affectusque
1162 2162 1360 2245 universos,
1380 2162 1441 2248 qui
1521 2151 1523 2155 ’

238 2302 277 2365 15
301 2289 442 2354 suntin
470 2288 629 2371 animali;
650 2293 685 2353 et
709 2311 751 2353 ex
780 2286 846 2352 hac
869 2288 1071 2374 alligatione
1096 2289 1252 2374 sequitur
1282 2288 1442 2376 alligatio

300 2412 536 2500 profundioris
554 2413 742 2501 potentiae,
763 2435 851 2498 quae
870 2418 922 2477 cst
938 2412 1137 2499 cogitativa.

592 2638 625 2678 Dc
640 2640 730 2678 vinculo
744 2640 837 2688 quinto,
852 2640 913 2688 quod
928 2642 961 2679 ost
976 2652 1003 2679 cx
1017 2641 1148 2689 cogitativa.

309 2890 311 2894 Ι
390 2822 423 2871 (¹1·
440 2822 478 2872 121)
492 2804 679 2870 Vinculum
698 2804 901 2890 phantasiae
916 2804 991 2869 leve
1007 2826 1067 2890 per
1086 2827 1121 2870 se
1134 2812 1198 2888 est,
1216 2803 1244 2869 si
1258 2805 1437 2871 vinculum

301 2930 509 3016 cogitativae
528 2931 618 2996 vires
642 2952 712 2995 uon
731 2930 977 3017 conlduplicet.
997 2932 1048 2995 Ea
1072 2931 1164 2995 enim
1180 2937 1330 3017 spectra,
1351 2953 1440 3016 quae
1467 2927 1558 2991 '74¹
1574 2928 1610 2992 Ο

234 3066 278 3128 20
301 3056 443 3137 idiotae,
463 3055 577 3140 stulti,
599 3056 728 3121 creduli
748 3064 783 3121 et
802 3055 1040 3142 superstiosuli
1060 3055 1194 3141 ingenii
1214 3055 1369 3121 animum
1386 3055 1441 3121 tle·

301 3182 460 3247 vinciunt
483 3188 517 3246 et
541 3181 711 3266 obligant,
733 3182 948 3265 deridentur,
981 3187 1250 3246 contemnuntur
1273 3189 1307 3246 et
1330 3180 1440 3246 veluti

300 3309 420 3374 inanes
440 3309 581 3373 umbrae
604 3331 623 3373 a
643 3308 757 3373 sobrio
777 3315 812 3372 et
831 3309 918 3373 bene
943 3317 1024 3373 nato
1044 3315 1078 3371 et
1105 3306 1327 3392 disciplinato
1347 3307 1442 3392 inge-

300 3434 366 3497 nio.
392 3433 493 3499 Unde
522 3455 638 3498 omnes
669 3439 865 3520 operatores
895 3434 967 3499 sive
986 3433 1080 3519 magi
1110 3432 1184 3498 sive
1215 3430 1339 3496 medici
1369 3430 1441 3496 sive

298 3558 486 3644 prophotas
510 3559 582 3624 sine
606 3558 672 3623 fide
698 3559 840 3645 praevia
864 3558 952 3623 nihil
981 3558 1148 3641 efficiunt,
1179 3564 1214 3621 et
1244 3557 1341 3621 iuxta
1360 3554 1441 3620 fidei

232 3697 274 3759 25
298 3684 459 3771 praeviae
488 3708 647 3751 numeros
674 3692 870 3772 operantur.
885 3685 1007 3749 -Hic
1031 3707 1094 3749 nos
1122 3684 1310 3770 accipimus
1339 3683 1442 3749 fidem

297 3811 395 3875 iuxta
414 3809 525 3896 magis
555 3811 785 3875 universalem
810 3810 996 3890 rationem,
1022 3832 1126 3895 quam
1145 3832 1165 3874 a
1184 3808 1332 3894 singulis
1356 3807 1440 3874 isto·

297 3959 373 4002 rum
393 3936 551 4023 capiatur
569 3943 603 4000 et
623 3936 666 4001 ab
686 3935 855 4002 omnibus.
874 3974 917 3983 —

388 4195 404 4245 2
420 4200 449 4244 ct
463 4196 659 4245 extruduntur
672 4212 720 4247 om.
738 4196 760 4247 0
805 4202 890 4260 putat
904 4196 1051 4246 concludit
1067 4197 1111 4245 M¹
1158 4196 1174 4245 4
1191 4210 1340 4261 ecorpore
1355 4210 1404 4244 om.
1420 4194 1442 4244 0

297 4276 342 4325 7.8
358 4281 619 4340 propter-vocum
636 4274 665 4325 in
682 4292 768 4342 marp.
787 4292 836 4327 con
854 4275 986 4326 richiamo
1003 4277 1036 4325 M
1096 4278 1193 4326 {lcum
1214 4275 1257 4325 M:
1282 4291 1346 4326 cum
1361 4275 1396 4340 (?)
1420 4273 1444 4327 O

297 4355 577 4421 loquareM:qui0
637 4359 668 4407 15
680 4364 709 4407 et
723 4373 758 4407 ex
772 4358 825 4407 hec
838 4358 879 4407 M:
897 4373 932 4408 ex
946 4359 999 4408 hac
1011 4356 1133 4408 etiamC
1194 4357 1224 4407 17
1239 4355 1341 4422 quinto
1355 4354 1442 4406 omO

296 4438 327 4486 19
344 4436 455 4485 irminrici
467 4455 485 4484 a
499 4438 574 4486 vires
588 4437 773 4487 cancellatum
785 4437 814 4486 in
827 4437 859 4486 M
919 4438 948 4487 21
963 4437 1040 4500 sorec
1052 4436 1100 4504 [ct]
1116 4437 1206 4487 veluti
