3488 5108
286 370 343 426 322
725 381 866 427 roanaur
886 380 988 425 navur

286 564 361 607 eam
392 563 478 626 quae
513 539 626 605 estin
659 538 820 621 materia,
856 561 933 603 cum
961 538 1119 622 materia,
1155 536 1324 604 secundus
1354 559 1428 603 cam

287 673 445 752 quaeest
476 664 512 729 in
536 665 695 745 materia,
723 664 798 729 sine
821 664 978 747 materia;
1011 664 1135 730 tertius
1166 670 1359 751 separatam
1379 685 1430 728 se·

288 791 437 857 eundum
457 813 529 857 csse
548 797 582 855 et
602 788 921 856 considerationem.

729 1076 763 1115 Dc
778 1075 860 1115 causis.
876 1075 942 1116 Text.
956 1075 990 1113 21.
1456 1040 1550 1106 ἓν,
1563 1041 1600 1105 0

242 1269 263 1332 ὃ
376 1271 483 1337 Hisce
514 1271 563 1336 ita
593 1269 798 1357 praelibatis
828 1269 1050 1354 consequitur
1079 1269 1251 1336 decausis
1271 1268 1431 1335 determi·
1508 1266 1515 1280 ’

287 1396 458 1478 nandum,
479 1418 564 1481 quas
595 1395 746 1461 inomni
778 1396 908 1461 sciendi
931 1396 1071 1480 negotio
1101 1396 1255 1484 accipere
1279 1404 1429 1485 oportet,

289 1520 569 1608 quandoquidem
606 1544 648 1586 ex
683 1522 758 1587 istis
791 1520 950 1606 colligere
984 1521 1201 1608 propositum
1235 1529 1287 1587 est
1319 1545 1433 1587 neces·

288 1646 426 1711 sarium.

377 1789 434 1828 rex.
456 1790 489 1829 aa.
517 1769 629 1836 Causa
648 1792 729 1855 ergo
748 1770 861 1857 primo
886 1768 985 1834 modo
1006 1777 1058 1836 est
1087 1769 1278 1855 materia,
1303 1793 1345 1836 ex
1364 1793 1433 1856 qua

224 1903 266 1966 10
288 1895 450 1962 videlicet
469 1895 509 1961 fit
528 1895 661 1982 aliquid
692 1918 768 1961 cum
797 1895 895 1980 insit,
916 1904 956 1962 ut
974 1918 1031 1961 aes
1050 1902 1103 1960 est
1120 1896 1267 1962 materia
1286 1903 1431 1982 statuae,

287 2026 322 2086 et
341 2043 467 2108 genera
486 2019 625 2101 horum,
645 2042 769 2107 nempe
786 2042 909 2108 corpus
928 2028 963 2085 et
982 2020 1119 2086 similia.

378 2144 535 2211 Secundo
559 2167 661 2211 causa
685 2151 737 2210 est
766 2145 910 2229 forma,
943 2168 1065 2232 nempe
1089 2145 1179 2212 ratio
1203 2146 1313 2232 ipsius
1340 2148 1432 2233 quod

290 2270 374 2356 quid
393 2278 467 2335 crat
486 2292 567 2354 esse,
589 2277 623 2335 et
641 2270 743 2336 huius
763 2293 899 2356 genera.
919 2271 965 2335 Et
983 2270 1067 2335 haec
1086 2272 1197 2337 forma
1217 2277 1269 2338 est
1289 2271 1429 2359 duplex:

288 2395 488 2478 intrinseca,
510 2418 598 2481 quae
617 2395 678 2461 dat
697 2419 769 2463 esse
788 2397 838 2461 rei
857 2394 1012 2483 physice,
1033 2402 1072 2462 ut
1088 2396 1287 2463 animalitas
1303 2397 1340 2462 in
1354 2397 1429 2462 ani·

224 2524 265 2588 15
288 2522 385 2604 mali,
406 2522 605 2587 humanitas
629 2522 666 2587 in
685 2521 837 2605 homine,
873 2529 907 2588 et
937 2546 977 2588 ea
1009 2545 1097 2608 quae
1121 2523 1232 2611 ipsam
1256 2524 1431 2611 signifieat

288 2646 389 2729 ratic,
412 2651 417 2733 l
438 2668 525 2733 quae
544 2652 596 2711 est
615 2646 653 2711 in
672 2655 796 2713 mente.
1453 2654 1597 2718 41⁹3

377 2775 495 2841 Tertio
519 2797 620 2840 causa
645 2774 773 2840 dicitur
805 2775 1060 2862 principium
1094 2778 1337 2843 mutationis
1372 2801 1432 2844 seu

289 2900 472 2965 efficiens
492 2922 590 2965 seua
616 2923 693 2985 qua
719 2900 878 2985 aliquid
899 2902 957 2983 fit,
979 2908 1018 2965 ut
1038 2902 1226 2986 corisultor,
1253 2910 1377 2985 motor,
1398 2910 1432 2969 et

289 3025 429 3091 omnino
449 3025 508 3109 qui
528 3024 674 3089 formam
694 3026 839 3092 innovat
858 3026 899 3090 in'
914 3027 1068 3091 materia.

222 3157 266 3218 ‘20
379 3149 511 3226 Quarto
532 3149 633 3214 modo
654 3173 756 3215 causa
776 3150 903 3216 <licitur
922 3150 1036 3234 finis,
1058 3175 1181 3239 nempe
1201 3153 1298 3218 errius
1319 3154 1435 3240 gratia

289 3273 423 3361 aliquid
443 3281 507 3358 est,
528 3280 568 3339 ut
587 3275 717 3340 sanitas
737 3282 788 3340 est
808 3298 909 3340 causa
928 3277 1184 3342 ambulationis.

377 3421 411 3460 30.
425 3422 460 3459 ³1-
483 3401 611 3466 Omnes
638 3400 731 3465 modi
762 3423 941 3466 causarum
973 3402 1017 3466 ad
1041 3404 1125 3467 istos
1156 3403 1382 3486 reducuntur,
1403 3404 1432 3469 ei

288 3528 381 3594 illud
411 3529 647 3615 respiciamus,
680 3528 771 3613 quod
791 3529 935 3594 materia
962 3529 1105 3594 aliaest
1135 3553 1176 3594 ex
1197 3552 1278 3614 qua,
1307 3531 1375 3595 alia
1394 3531 1431 3596 in

292 3677 378 3739 qua,
398 3654 466 3719 alia
485 3653 576 3718 circa
596 3676 711 3738 quam,
736 3653 827 3718 umle
846 3660 880 3718 et
899 3654 942 3719 ad
966 3656 1145 3720 materiam
1165 3656 1378 3721 reducuntur
1397 3663 1432 3720 et

223 3788 266 3849 25
289 3782 468 3867 pertinent
497 3788 624 3868 parteS,
655 3788 694 3846 ut
718 3784 886 3847 clementa
917 3791 998 3847 sunt
1029 3785 1173 3848 materia
1204 3785 1431 3869 syllabarum,

289 3906 545 3993 propositiones
566 3906 775 3993 syllogismi,
806 3908 889 3972 item
910 3909 1161 3994 assumptiones
1193 3910 1431 3975 conclusionis.

290 4033 419 4097 Forma
438 4033 505 4097 alia
526 4033 730 4115 intrinseca,
762 4034 827 4098 alia
849 4035 1055 4117 extrinseca,
1084 4035 1151 4098 alia
1172 4034 1209 4100 iu
1237 4058 1286 4118 rc,
1307 4034 1375 4101 alia
1395 4035 1432 4100 iu

382 4326 625 4423 n'separatimo
687 4358 716 4407 12
741 4358 826 4422 quod]
851 4357 953 4421 quali
1014 4356 1095 4406 21.ἳῦ
1117 4356 1430 4407 unde-conclusionis

289 4455 375 4503 scarp.
391 4439 430 4503 B,
447 4455 494 4489 con
509 4454 587 4503 separo
600 4436 630 4487 ‹la'
643 4434 774 4487 rirlricrmo
837 4439 869 4488 ¹26
885 4437 1085 4488 conclusiones
1102 4438 1123 4486 O
