3488 5108
663 417 791 462 LAMPAS
811 417 969 465 salaman
994 417 1198 464 STATVARVH.

450 572 551 638 XIX.
575 571 755 655 Inflatum,
776 580 926 656 tumens,
947 581 1100 660 turgens.

450 698 533 765 XX.
558 697 711 780 Grande,
732 698 896 779 immane,
915 706 1068 782 vastum,
1089 699 1289 785 spatiosum.

451 823 552 887 XXI.
577 822 756 910 Amplum,
777 823 973 907 dilatatum,
994 847 1197 911 expansum,
1217 832 1406 892 extentum.

451 950 571 1016 XXII.
604 951 808 1037 Includens,
843 952 1000 1040 capiens,
1037 952 1271 1038 circumdans,
1307 953 1500 1039 continens,

318 1073 507 1145 ovellans.

451 1202 589 1269 XXIII.
607 1203 750 1286 Fertile,
768 1203 878 1287 divas,
892 1204 1071 1288 excedens,
1085 1211 1338 1291 exporrectum,
1352 1203 1505 1272 effluens.

450 1328 585 1394 XXIV.
605 1329 811 1416 Erumpens,
829 1351 986 1417 crepanS,
1003 1328 1265 1417 praeterfluens,
1279 1329 1504 1417 superfluum,

361 1452 570 1538 relaxatum,
591 1453 776 1538 diluvium,
795 1455 1034 1542 cataclysmus.

450 1578 566 1644 XXV.
591 1579 778 1665 Nunquam
802 1579 963 1646 deficiens
987 1580 1025 1646 in
1047 1602 1173 1666 genere
1202 1580 1256 1646 vel
1286 1581 1505 1670 simpliciter,
1533 1579 1649 1640 148r

299 1699 340 1762 10
361 1703 669 1770 inconsummabile
700 1705 736 1770 in
764 1727 890 1791 genere
914 1705 969 1771 vel
993 1704 1209 1792 simpliciter,
1237 1705 1291 1773 cui
1319 1705 1507 1773 identidem

363 1828 467 1896 adiici
487 1828 665 1916 quidpiam
684 1852 755 1895 nou
774 1839 898 1918 potest.

451 1954 586 2020 XXVI.
603 1955 869 2042 lnexaequabile
885 1957 928 2024 ab
945 1958 1012 2025 alio
1029 1958 1066 2025 in
1082 1981 1208 2046 genere
1220 1959 1275 2024 vel
1290 1959 1506 2047 simpliciter.

452 2080 605 2147 XXVII.
631 2082 911 2168 Incontentibile,
940 2082 1004 2150 hoc
1032 2083 1201 2170 estquod
1228 2083 1271 2150 ab
1301 2084 1370 2150 alio
1394 2085 1506 2150 conti·

362 2206 436 2271 neri
456 2227 525 2271 nou
543 2214 671 2294 potest,
692 2208 748 2274 vel
766 2208 922 2275 absolute
941 2208 997 2275 vel
1015 2210 1053 2275 in
1072 2232 1207 2296 genere.

299 2324 340 2388 15
451 2332 1524 2420 XXVIII.Indeterminatum,indeterminabile,immensum.'

451 2457 591 2524 XXIX.
615 2458 797 2524 Infinitum
817 2458 1022 2546 simpliciter
1040 2459 1096 2526 vel
1116 2459 1152 2525 in
1172 2481 1309 2546 genere.

451 2582 572 2649 XXX.
601 2583 824 2668 Universum,
855 2584 1012 2653 mundus.
1052 2584 1159 2652 Cuius
1194 2584 1333 2671 quidem
1368 2583 1505 2652 numeri

362 2731 481 2774 caussa
501 2715 535 2774 et
554 2709 637 2775 crdo
657 2716 691 2775 et
710 2711 955 2794 consequentia
975 2717 1068 2776 certa
1085 2718 1151 2794 est,
1168 2711 1249 2798 quia

450 2834 476 2899 Ι.
495 2833 774 2919 Magnitudinem
792 2835 875 2901 licet
894 2836 1022 2902 intueri
1041 2837 1077 2901 in
1098 2837 1353 2903 dimensionum
1371 2836 1504 2903 ratione

295 2957 339 3021 20
362 2960 417 3027 vel
440 2959 713 3026 dimensionibus
732 2961 1024 3048 proportionalem
1046 2962 1143 3029 iusta
1163 2971 1311 3048 quatuor
1329 2962 1384 3027 vel
1409 2962 1505 3048 quin·

362 3109 428 3173 qne
456 3086 573 3153 modos
600 3086 861 3172 magnitudinis.
894 3088 958 3155 Est
991 3089 1083 3155 enim
1111 3110 1268 3176 expresse
1300 3086 1505 3174 magnitudo

361 3210 598 3298 quantitative
623 3218 657 3277 et
682 3233 856 3300 corporea;
886 3212 1045 3278 similiter
1080 3222 1195 3279 autem
1228 3211 1506 3300 magnitudinem

362 3335 467 3402 habet
498 3337 609 3403 virtus
633 3344 667 3402 et
692 3339 857 3424 qualitas;
882 3336 974 3403 unde
996 3337 1252 3425 longitudinem
1277 3338 1313 3403 in
1337 3338 1449 3404 calore
1474 3343 1508 3402 et

361 3461 584 3528 latitudinem
602 3462 803 3550 inspicimus
833 3486 938 3550 penes
965 3463 1170 3530 distantiam
1196 3462 1240 3530 ad
1269 3485 1372 3549 quam
1392 3470 1509 3529 exten·

294 3590 339 3654 25
363 3587 457 3654 ditur
491 3597 527 3655 et
558 3588 687 3675 gradus
716 3588 843 3673 quibus
866 3588 941 3675 agit
964 3596 998 3654 et
1023 3588 1166 3670 alterat,
1192 3587 1446 3675 longitudinem
1471 3589 1506 3654 in

362 3712 565 3778 excellentia
590 3719 625 3777 et
649 3712 821 3799 dignitate
845 3713 882 3778 in
906 3712 1063 3779 terminis
1094 3712 1137 3779 ad
1169 3736 1255 3799 quas
1279 3713 1448 3780 autoritas
1473 3738 1509 3779 se

362 3836 808 3923 extendit,longitudinem
832 3845 867 3903 ct
890 3837 1112 3903 latitudinem
1138 3839 1174 3904 in
1199 3838 1391 3926 capacitate
1417 3839 1507 3906 sicut

861 4133 873 4160 C

454 4175 470 4224 6
486 4186 671 4239 exporrasum
689 4173 737 4220 A'z
756 4179 941 4235 caperratum
952 4188 1024 4221 corr.
1040 4170 1063 4220 Α
1131 4172 1160 4221 10
1177 4171 1452 4233 inconsumlmcbils
1470 4174 1507 4237 (se

359 4270 430 4320 pure
447 4252 469 4304 il
477 4252 566 4319 primo
581 4268 606 4302 m
621 4268 674 4302 aon
691 4249 704 4299 ἐ
719 4251 844 4314 piultcsto
857 4257 940 4303 trullo
951 4251 978 4301 d'
991 4249 1099 4317 cirione)
1119 4252 1156 4302 A:
1174 4252 1402 4303 inconsumabilc
1414 4252 1455 4317 M;
1469 4254 1504 4315 rs.

363 4353 381 4384 a
391 4350 421 4398 p.
440 4335 491 4393 98,
510 4334 528 4382 8
592 4332 623 4381 13
639 4331 693 4382 hoc
710 4330 764 4397 cst]
776 4339 806 4392 ÷
822 4331 881 4382 AM
941 4332 980 4382 li.
993 4334 1023 4383 18
1040 4333 1150 4384 numeri
1170 4349 1273 4383 caussa
1289 4333 1327 4382 A:
1348 4334 1459 4383 numeri
1477 4340 1507 4382 ct

363 4413 492 4466 caused!
552 4412 995 4471 20vel<ic>dimensionibusl1
1056 4406 1225 4474 sstnndeff)
1241 4412 1508 4478 Longitndincml!

362 4497 394 4548 ὥ·
410 4494 552 4547 autoritas
567 4493 605 4544 A:
619 4492 781 4544 authoritas
798 4492 830 4543 M
