3488 5108
840 403 884 448 nu
904 405 1018 451 unam.
1441 389 1499 449 407

355 585 469 647 suum,
489 562 642 648 undique
669 560 810 627 omnino
835 560 1033 647 sentirent),
1054 561 1103 628 ita
1126 570 1161 628 et
1184 562 1300 629 anima
1324 561 1443 628 mundi
1463 562 1500 626 in

356 695 430 754 toto
442 687 581 770 munde,
596 686 793 772 ubicunque
813 687 916 752 talem
934 694 985 752 est
1005 686 1129 775 adepta
1148 688 1342 772 materiam,
1361 687 1412 753 ibi
1431 686 1501 752 tale

356 813 516 902 producit
535 812 728 878 subiectum
747 812 880 877 atinde
899 814 986 878 tales
1002 813 1073 879 edit
1092 813 1317 900 operationes,
1335 813 1500 892 Quamvis

357 960 438 1024 ergo
453 937 643 1024 aequaliter
662 936 708 1002 sit
728 937 864 1023 ubique,
884 961 955 1004 non
971 938 1161 1024 aequaliter
1173 939 1301 1025 ubique
1318 939 1406 1024 agit,
1420 937 1501 1023 quia

313 1071 335 1135 5
358 1086 428 1131 non
447 1062 638 1148 aequaliter
657 1063 824 1150 disposita
848 1063 976 1149 ubique
995 1063 1048 1130 illi
1066 1063 1212 1130 materia
1228 1063 1500 1129 administratur.

359 1191 417 1256 Sic
434 1212 516 1275 ergo
536 1188 625 1254 sicut
641 1189 758 1254 anima
776 1195 850 1256 tota
869 1197 920 1254 est
940 1190 976 1254 in
995 1197 1069 1256 toto
1086 1213 1240 1277 corpore,
1259 1189 1350 1255 etin
1369 1190 1502 1257 ossibus

358 1321 393 1381 et
415 1315 452 1380 in
476 1315 575 1380 venis
595 1323 630 1380 et
654 1313 690 1379 in
715 1315 828 1396 corde,
848 1337 919 1380 non
938 1315 1048 1401 magis
1065 1338 1226 1402 praesens
1246 1315 1432 1401 uniquam
1456 1315 1503 1381 al-

359 1440 427 1506 teri
439 1439 546 1527 parti,
565 1461 628 1504 nec
648 1439 761 1505 minus
781 1462 942 1526 praesens
962 1440 1022 1506 uni
1041 1462 1144 1526 quam
1161 1440 1321 1507 omnibus
1340 1447 1375 1505 et
1394 1439 1503 1505 omni·

359 1566 424 1632 bus
440 1587 544 1651 quam
559 1563 636 1647 uni,
654 1571 770 1630 tamen
785 1564 842 1630 hic
856 1564 941 1631 facit
956 1588 1102 1631 nervum
1116 1586 1189 1630 esee
1205 1586 1362 1648 nervum,
1381 1564 1429 1629 ibi
1445 1588 1503 1630 ve·

295 1703 338 1767 10
360 1716 440 1759 nam
460 1715 532 1758 esse
544 1714 684 1774 venam,
699 1691 748 1757 ibi
764 1691 968 1778 sanguinem
981 1716 1052 1758 esse
1065 1692 1284 1779 sauguinem,
1298 1690 1348 1756 ibi
1360 1714 1418 1758 eor
1431 1714 1503 1756 esse

360 1840 427 1884 cor.
438 1816 484 1882 Et
500 1823 539 1884 ut
555 1817 632 1883 istie
648 1816 774 1883 accidit
787 1817 964 1883 immutari
981 1818 1036 1883 vel
1047 1841 1109 1904 per
1121 1817 1327 1884 efficientem
1340 1816 1505 1882 extrinse-

361 1966 438 2008 cum
457 1943 511 2008 vel
532 1965 594 2029 per
609 1942 835 2008 intrinsecum
847 1942 1058 2029 principium
1071 1942 1262 2030 passivum,
1275 1943 1326 2007 ita
1342 1949 1378 2007 et
1389 1949 1504 2006 actum

361 2071 495 2135 animae
514 2069 621 2135 alium
637 2077 742 2155 atque
761 2070 867 2135 alium
881 2070 956 2135 fieri
975 2093 1112 2135 necesse
1130 2075 1190 2135 est.
1211 2071 1287 2137 Hoc
1306 2077 1357 2136 eet
1376 2068 1506 2157 praeci·

362 2218 470 2282 puum
489 2195 700 2283 principium
723 2203 758 2261 et
781 2195 881 2261 radix
908 2197 1062 2262 omnium
1083 2196 1349 2284 principiorum,
1370 2195 1413 2260 ad
1432 2194 1505 2260 red·

298 2331 338 2394 15
361 2322 510 2389 dandam
529 2346 667 2389 oausam
687 2323 842 2389 omnium
862 2322 1073 2389 mirabilium
1097 2345 1185 2410 quae
1208 2323 1345 2388 suntin
1364 2330 1502 2405 natura,

362 2473 486 2537 nempe
499 2449 590 2536 quod
602 2473 643 2515 ex
656 2457 755 2537 parte
771 2449 936 2537 principii
952 2449 1068 2534 activi,
1085 2458 1119 2515 et
1134 2448 1277 2537 spiritus
1294 2472 1354 2515 seu
1368 2450 1505 2515 animae

362 2575 582 2658 universalis,
601 2575 690 2640 nihil
717 2583 769 2641 est
794 2584 866 2642 tarn
889 2576 1104 2657 inchoatum,
1135 2598 1295 2642 mancum
1320 2583 1354 2641 et
1383 2575 1506 2663 imper·

362 2701 505 2784 fectum,
536 2701 745 2787 tandemque
776 2702 819 2768 ad
850 2702 964 2769 oculos
990 2702 1164 2788 opinionis
1194 2701 1504 2789 neglectissimum,

363 2827 456 2912 quod
479 2849 549 2891 non
572 2827 682 2913 possit
701 2850 773 2893 esse
796 2827 1008 2916 principium
1027 2850 1231 2914 magnarum
1251 2828 1509 2915 operationum

297 2965 341 3029 20
364 2952 449 3038 quin
472 2953 578 3019 immo
602 2962 641 3019 ut
664 2952 852 3041 plurimum
875 2954 1121 3020 resolutionem
1145 2954 1188 3020 ad
1211 2955 1408 3021 huiusmodi
1431 2955 1506 3021 fieri

365 3085 513 3166 oportet,
533 3087 575 3144 ut
601 3102 711 3145 novus
741 3080 838 3166 quasi
862 3080 1010 3145 mundus
1029 3086 1214 3166 generetur
1233 3103 1275 3145 ex
1293 3079 1387 3167 ipsis.
1417 3081 1507 3148 Utut

365 3205 457 3270 enim
488 3227 571 3270 auro
592 3204 740 3272 similius
760 3206 805 3270 sit
824 3229 881 3271 aes
901 3228 1005 3291 quarn
1024 3205 1112 3271 einis
1136 3205 1237 3289 aeris,
1262 3213 1298 3270 et
1320 3205 1415 3272 illius
1434 3229 1509 3293 per·

365 3330 508 3395 fectioni
527 3330 673 3396 similius
694 3353 796 3415 quarn
821 3330 908 3396 cinis
932 3353 974 3395 ex
994 3353 1086 3415 aere,
1106 3338 1224 3396 tamen
1243 3331 1280 3396 in
1299 3339 1509 3397 transmuta-

367 3456 459 3520 tione
473 3455 529 3520 hic
545 3455 632 3521 cinis
647 3456 734 3520 aeris
753 3456 982 3543 propinquior
1001 3462 1052 3522 est
1071 3455 1202 3521 formae
1220 3455 1297 3523 auri
1313 3479 1417 3542 quam
1437 3479 1506 3541 aea,

299 3585 342 3648 ‘25
366 3588 405 3645 ut
424 3580 528 3645 etiam
546 3581 702 3647 videmus
722 3582 854 3647 semina
873 3582 1002 3665 omnia,
1023 3606 1110 3668 quae
1129 3583 1287 3670 proxima
1308 3584 1312 3671 Ι
1337 3591 1418 3648 sunt
1432 3605 1509 3669 pro·
1534 3589 1678 3652 10vM

371 3705 546 3771 ducendae
570 3708 708 3794 speciei,
729 3708 872 3795 propius
890 3708 1050 3774 accedere
1074 3708 1116 3774 ad
1140 3708 1203 3774 hoo
1226 3715 1265 3774 ut
1290 3708 1361 3775 sint
1380 3708 1509 3796 species

370 3833 475 3920 ipsae,
498 3857 601 3919 quarn
621 3834 708 3900 aliae
728 3835 857 3922 sprecies
881 3836 1137 3921 quantumlibet
1155 3835 1328 3902 adsimiles
1348 3842 1382 3902 et
1397 3835 1511 3923 proxi-

368 3981 443 4023 mae
468 3966 502 4024 et
524 3961 527 4047 l
549 3968 725 4045 cognatae.
758 3961 825 4039 Qui
852 3961 955 4026 aliter
980 3962 1088 4027 credit
1118 3961 1154 4027 in
1184 3984 1293 4047 aequo
1323 3968 1375 4028 est
1405 3969 1508 4047 atque
1533 3967 1612 4030 61r
1628 3965 1663 4028 Ο

369 4084 494 4171 aliquis
518 4085 720 4152 existimans
744 4087 880 4154 facilius
899 4087 1036 4154 simiam
1058 4088 1201 4155 formari
1223 4111 1323 4176 posse
1346 4092 1383 4155 in
1401 4089 1510 4155 homi·

461 4323 474 4369 1
493 4320 609 4369 omnino
626 4320 790 4386 undiqueO
852 4322 868 4371 2
884 4321 986 4386 adepta
1000 4325 1045 4371 est
1061 4320 1082 4372 0
1143 4323 1158 4372 4
1175 4320 1365 4386 aequabiliter
1378 4323 1405 4372 la
1417 4321 1511 4388 prima

372 4400 494 4451 υοίιαΜῑ
560 4402 638 4452 13.14
652 4401 1057 4467 principinmpraecipuumO
1118 4402 1372 4454 uuim0M2im00
1432 4405 1512 4454 auai-

370 4481 444 4532 milis
462 4482 483 4534 0
543 4482 714 4534 reformare
731 4484 753 4534 0
