3488 5108
737 404 876 452 IORDANI
895 404 998 452 anru

602 761 636 803 16.
652 761 830 802 uenerationem
846 772 892 800 non
907 759 996 800 ceretu
1011 760 1135 800 ludunum.

386 989 429 1053 In
460 991 682 1076 generatione
716 1012 897 1079 corporum
930 991 1177 1058 elementorum
1208 1012 1280 1057 non
1309 991 1436 1058 eoeidit

298 1114 479 1180 ascendere
489 1114 545 1179 vel
556 1115 739 1200 procedere
750 1115 789 1181 in
800 1117 976 1182 infinitum
988 1138 1122 1182 sursum
1138 1118 1193 1183 vel
1211 1116 1382 1202 deorsum,
1396 1122 1436 1182 ut

849 1383 880 1433 A

294 2452 416 2515 nempe
430 2429 461 2493 A
475 2429 536 2494 fiet
557 2429 561 2517 Ι
582 2451 623 2493 ex
635 2428 678 2509 B,
691 2428 721 2492 B
741 2451 783 2493 ex
798 2427 838 2513 Ο,
859 2428 885 2493 O
902 2451 944 2494 ex
959 2428 991 2492 D
1004 2435 1038 2493 et
1054 2424 1104 2493 ite
1120 2426 1184 2517 (in)
1198 2429 1429 2511 innumerum,
1454 2427 1549 2492 45v
1565 2428 1602 2492 0

250 2557 272 2620 ὃ
295 2554 353 2619 sed
372 2561 423 2620 est
442 2560 553 2619 status
584 2561 688 2638 atque
707 2554 872 2635 oiroulns3
905 2560 1069 2639 quattuor
1087 2553 1181 2618 enim
1200 2552 1429 2619 existentibus

294 2679 339 2762 A,
359 2679 401 2763 B,
423 2677 463 2762 O,
484 2679 516 2744 D
536 2678 711 2764 contingit
738 2678 793 2745 vel
815 2677 1036 2744 reflexionem
1060 2678 1149 2763 fieri,
1169 2684 1222 2762 ut,
1245 2685 1431 2765 postquam

294 2805 477 2871 descensus
507 2803 620 2871 faetus
651 2804 757 2869 fuerit
781 2827 843 2891 per
870 2804 1077 2870 diametrum
1106 2804 1150 2870 ab
1174 2804 1206 2869 A
1236 2805 1274 2869 in
1292 2804 1339 2888 D,
1370 2804 1431 2868 fiat

294 2931 419 2997 reditio
450 2954 511 3019 per
540 2930 747 2996 diametrum
767 2953 786 2995 e
805 2930 837 2995 D
856 2930 894 2995 in
913 2930 953 3014 A,
973 2930 1028 2996 vel
1050 2951 1112 3017 per
1139 2929 1433 2995 semidiametrum

295 3078 315 3121 a
338 3056 368 3120 B
392 3055 449 3122 vel
472 3056 564 3122 ultre
584 3080 604 3121 a
624 3057 650 3121 O
669 3079 804 3122 sursum
823 3056 877 3122 vel
897 3056 1065 3140 deorsum,
1086 3056 1140 3120 vel
1159 3079 1220 3142 per
1239 3055 1434 3122 circulatio·

231 3189 273 3252 10
295 3205 387 3261 nem,
420 3183 539 3249 ordine
563 3183 724 3249 videlieet
752 3205 819 3268 quo
843 3189 1007 3269 quattuor
1037 3182 1206 3248 elementa
1228 3181 1265 3246 in
1291 3180 1434 3247 oireum·

294 3307 478 3374 ferentium
508 3308 779 3391 distribuuntur,
800 3315 835 3373 et
864 3307 928 3373 hoo
957 3307 1162 3394 dupliciter:
1193 3307 1248 3370 vel
1267 3306 1433 3371 continuo

295 3436 442 3521 quodem
462 3436 589 3520 ordine,
609 3436 664 3502 vel
683 3458 753 3501 non
773 3436 947 3501 continuo.

385 3744 419 3781 to'.
434 3742 551 3789 Quomodo
567 3743 678 3782 elementa
693 3753 719 3781 ex
735 3742 831 3780 invicem
846 3744 984 3790 generentur
999 3744 1022 3779 ot
1037 3741 1149 3789 quomodo
1165 3753 1192 3779 ex
1209 3741 1253 3780 illis
1269 3741 1347 3779 mixta.

385 3970 428 4035 In
446 3970 618 4052 omnibus,
639 3970 677 4035 in
696 3971 821 4056 quibus
841 3970 1015 4056 contingit
1032 3970 1181 4035 invicem
1197 3970 1433 4054 transmutari,
1462 3978 1607 4043 65⁹3

233 4098 272 4161 15
296 4104 431 4184 oportet
450 4097 607 4162 invenire
623 4095 755 4182 aliquid
772 4119 953 4162 commune
965 4097 1131 4183 utrisque.
1144 4095 1367 4161 Manifestum
1383 4102 1436 4160 est

394 4400 410 4446 4
431 4398 461 4447 in
481 4395 675 4463 innumerum]
697 4398 880 4446 innumerum
901 4397 929 4446 E
1003 4399 1086 4447 11.12
1111 4397 1233 4462 quodem
1252 4398 1391 4447 continuo
1413 4399 1436 4449 0

296 4478 327 4529 18
341 4483 517 4542 generantur
532 4477 555 4529 0
564 4496 576 4527 e
589 4479 675 4528 miste
687 4476 714 4526 Ε
779 4478 808 4526 m
824 4478 859 4541 cf.
870 4495 887 4526 a
899 4496 927 4540 p.
943 4479 1003 4536 361,
1018 4480 1050 4525 10
