<?xml version="1.0" encoding="UTF-8"?>
<!DOCTYPE html PUBLIC "-//W3C//DTD XHTML 1.0 Transitional//EN"
    "http://www.w3.org/TR/xhtml1/DTD/xhtml1-transitional.dtd">
<html xmlns="http://www.w3.org/1999/xhtml" xml:lang="en" lang="en">
 <head>
  <title>
</title>
<meta http-equiv="Content-Type" content="text/html;charset=utf-8" />
  <meta name='ocr-system' content='tesseract 3.04.00' />
  <meta name='ocr-capabilities' content='ocr_page ocr_carea ocr_par ocr_line ocrx_word'/>
</head>
<body>
  <div class='ocr_page' id='page_1' title='image "./jordanibruninol05brungoog_0410.png"; bbox 0 0 3488 5108; ppageno 0'>
   <div class='ocr_carea' id='block_1_1' title="bbox 543 357 1499 423">
    <p class='ocr_par' dir='ltr' id='par_1_1' title="bbox 543 357 1499 423">
     <span class='ocr_line' id='line_1_1' title="bbox 543 357 1499 423; baseline -0.003 -1"><span class='ocrx_word' id='word_1_1' title='bbox 543 376 632 422; x_wconf 77' lang='lat' dir='ltr'><strong>sisar</strong></span> <span class='ocrx_word' id='word_1_2' title='bbox 654 357 866 423; x_wconf 79' lang='lat' dir='ltr'><strong>rurstconvu</strong></span> <span class='ocrx_word' id='word_1_3' title='bbox 887 376 1101 422; x_wconf 71' lang='lat' dir='ltr'><strong>assereretis</strong></span> <span class='ocrx_word' id='word_1_4' title='bbox 1121 375 1319 423; x_wconf 71' lang='lat' dir='ltr'><strong>sarnanum.</strong></span> <span class='ocrx_word' id='word_1_5' title='bbox 1439 362 1499 420; x_wconf 81' lang='grc'><strong>343</strong></span> 
     </span>
    </p>
   </div>
   <div class='ocr_carea' id='block_1_2' title="bbox 295 533 1520 1994">
    <p class='ocr_par' dir='ltr' id='par_1_2' title="bbox 295 533 1520 1994">
     <span class='ocr_line' id='line_1_2' title="bbox 356 533 1498 623; baseline 0.001 -23"><span class='ocrx_word' id='word_1_6' title='bbox 356 535 469 602; x_wconf 90' lang='lat' dir='ltr'><strong>tiones</strong></span> <span class='ocrx_word' id='word_1_7' title='bbox 497 557 538 600; x_wconf 86' lang='lat' dir='ltr'><strong>ex</strong></span> <span class='ocrx_word' id='word_1_8' title='bbox 567 557 637 601; x_wconf 91' lang='lat' dir='ltr'><strong>una</strong></span> <span class='ocrx_word' id='word_1_9' title='bbox 664 536 776 623; x_wconf 89' lang='lat' dir='ltr'><strong>specie</strong></span> <span class='ocrx_word' id='word_1_10' title='bbox 805 535 843 601; x_wconf 94' lang='lat' dir='ltr'><strong>in</strong></span> <span class='ocrx_word' id='word_1_11' title='bbox 867 535 989 618; x_wconf 88' lang='lat' dir='ltr'><strong>aliam;</strong></span> <span class='ocrx_word' id='word_1_12' title='bbox 1010 558 1065 602; x_wconf 92' lang='lat' dir='ltr'><strong>ars</strong></span> <span class='ocrx_word' id='word_1_13' title='bbox 1088 556 1259 601; x_wconf 88' lang='lat' dir='ltr'><strong>veronen</strong></span> <span class='ocrx_word' id='word_1_14' title='bbox 1282 533 1498 620; x_wconf 85' lang='lat' dir='ltr'><strong>usqueadeo</strong></span> 
     </span>
     <span class='ocr_line' id='line_1_3' title="bbox 356 660 1500 749; baseline 0 -23"><span class='ocrx_word' id='word_1_15' title='bbox 356 660 546 749; x_wconf 74' lang='lat' dir='ltr'>profundat</span> <span class='ocrx_word' id='word_1_16' title='bbox 566 660 604 725; x_wconf 96' lang='lat' dir='ltr'><strong>in</strong></span> <span class='ocrx_word' id='word_1_17' title='bbox 623 661 818 745; x_wconf 75' lang='lat' dir='ltr'>materiam,</span> <span class='ocrx_word' id='word_1_18' title='bbox 849 660 945 726; x_wconf 89' lang='lat' dir='ltr'><strong>cuius</strong></span> <span class='ocrx_word' id='word_1_19' title='bbox 974 661 1033 726; x_wconf 87' lang='lat' dir='ltr'><strong>vix</strong></span> <span class='ocrx_word' id='word_1_20' title='bbox 1063 660 1187 726; x_wconf 83' lang='lat' dir='ltr'><strong>faciem</strong></span> <span class='ocrx_word' id='word_1_21' title='bbox 1216 660 1378 746; x_wconf 85' lang='lat' dir='ltr'><strong>attingat.</strong></span> <span class='ocrx_word' id='word_1_22' title='bbox 1403 661 1500 726; x_wconf 89' lang='lat' dir='ltr'><strong>Haec</strong></span> 
     </span>
     <span class='ocr_line' id='line_1_4' title="bbox 358 785 1502 874; baseline -0.001 -21"><span class='ocrx_word' id='word_1_23' title='bbox 358 795 474 853; x_wconf 89' lang='lat' dir='ltr'><strong>autem</strong></span> <span class='ocrx_word' id='word_1_24' title='bbox 493 808 564 852; x_wconf 91' lang='lat' dir='ltr'><strong>non</strong></span> <span class='ocrx_word' id='word_1_25' title='bbox 582 793 748 872; x_wconf 90' lang='lat' dir='ltr'><strong>tanquam</strong></span> <span class='ocrx_word' id='word_1_26' title='bbox 765 786 993 874; x_wconf 87' lang='lat' dir='ltr'><strong>impossibilia</strong></span> <span class='ocrx_word' id='word_1_27' title='bbox 1014 786 1128 852; x_wconf 90' lang='lat' dir='ltr'><strong>moliri</strong></span> <span class='ocrx_word' id='word_1_28' title='bbox 1147 809 1195 870; x_wconf 89' lang='lat' dir='ltr'><strong>se,</strong></span> <span class='ocrx_word' id='word_1_29' title='bbox 1213 808 1315 871; x_wconf 90' lang='lat' dir='ltr'><strong>quam</strong></span> <span class='ocrx_word' id='word_1_30' title='bbox 1332 785 1400 852; x_wconf 90' lang='lat' dir='ltr'><strong>sibi</strong></span> <span class='ocrx_word' id='word_1_31' title='bbox 1416 785 1502 852; x_wconf 86' lang='lat' dir='ltr'><strong>exis·</strong></span> 
     </span>
     <span class='ocr_line' id='line_1_5' title="bbox 357 894 1520 999; baseline 0.002 -23"><span class='ocrx_word' id='word_1_32' title='bbox 357 911 459 977; x_wconf 91' lang='lat' dir='ltr'><strong>timet</strong></span> <span class='ocrx_word' id='word_1_33' title='bbox 477 911 724 998; x_wconf 88' lang='lat' dir='ltr'><strong>impossibilia;</strong></span> <span class='ocrx_word' id='word_1_34' title='bbox 744 918 859 999; x_wconf 90' lang='lat' dir='ltr'><strong>potest</strong></span> <span class='ocrx_word' id='word_1_35' title='bbox 878 912 970 978; x_wconf 88' lang='lat' dir='ltr'><strong>euim</strong></span> <span class='ocrx_word' id='word_1_36' title='bbox 994 912 1124 997; x_wconf 88' lang='lat' dir='ltr'><strong>facere,</strong></span> <span class='ocrx_word' id='word_1_37' title='bbox 1143 919 1183 978; x_wconf 91' lang='lat' dir='ltr'><strong>ut</strong></span> <span class='ocrx_word' id='word_1_38' title='bbox 1211 912 1424 977; x_wconf 81' lang='lat' dir='ltr'><strong>occasionem</strong></span> <span class='ocrx_word' id='word_1_39' title='bbox 1443 894 1520 978; x_wconf 32' lang='lat' dir='ltr'><strong>nar*</strong></span> 
     </span>
     <span class='ocr_line' id='line_1_6' title="bbox 315 1037 1503 1127; baseline -0.007 -17"><span class='ocrx_word' id='word_1_40' title='bbox 315 1045 336 1110; x_wconf 82' lang='lat'><strong>5</strong></span> <span class='ocrx_word' id='word_1_41' title='bbox 359 1047 458 1106; x_wconf 90' lang='lat' dir='ltr'><strong>turae</strong></span> <span class='ocrx_word' id='word_1_42' title='bbox 476 1040 636 1127; x_wconf 88' lang='lat' dir='ltr'><strong>operanti</strong></span> <span class='ocrx_word' id='word_1_43' title='bbox 655 1039 788 1106; x_wconf 89' lang='lat' dir='ltr'><strong>tribuat</strong></span> <span class='ocrx_word' id='word_1_44' title='bbox 807 1047 843 1106; x_wconf 92' lang='lat' dir='ltr'><strong>et</strong></span> <span class='ocrx_word' id='word_1_45' title='bbox 862 1040 1102 1107; x_wconf 71' lang='lat' dir='ltr'><strong>subministret</strong></span> <span class='ocrx_word' id='word_1_46' title='bbox 1117 1039 1183 1122; x_wconf 85' lang='lat' dir='ltr'><strong>illi,</strong></span> <span class='ocrx_word' id='word_1_47' title='bbox 1201 1061 1324 1126; x_wconf 83' lang='lat' dir='ltr'>nempe</span> <span class='ocrx_word' id='word_1_48' title='bbox 1343 1037 1503 1126; x_wconf 83' lang='lat' dir='ltr'><strong>approxi-</strong></span> 
     </span>
     <span class='ocr_line' id='line_1_7' title="bbox 360 1167 1502 1255; baseline 0.001 -23"><span class='ocrx_word' id='word_1_49' title='bbox 360 1167 485 1233; x_wconf 92' lang='lat' dir='ltr'><strong>mando</strong></span> <span class='ocrx_word' id='word_1_50' title='bbox 504 1167 677 1255; x_wconf 87' lang='lat' dir='ltr'><strong>principia</strong></span> <span class='ocrx_word' id='word_1_51' title='bbox 696 1168 812 1234; x_wconf 87' lang='lat' dir='ltr'><strong>activa</strong></span> <span class='ocrx_word' id='word_1_52' title='bbox 830 1168 991 1255; x_wconf 79' lang='lat' dir='ltr'><strong>passivis,</strong></span> <span class='ocrx_word' id='word_1_53' title='bbox 1010 1176 1051 1233; x_wconf 92' lang='lat' dir='ltr'><strong>ut</strong></span> <span class='ocrx_word' id='word_1_54' title='bbox 1070 1167 1216 1234; x_wconf 90' lang='lat' dir='ltr'><strong>subinde</strong></span> <span class='ocrx_word' id='word_1_55' title='bbox 1245 1190 1299 1233; x_wconf 89' lang='lat' dir='ltr'><strong>res</strong></span> <span class='ocrx_word' id='word_1_56' title='bbox 1318 1190 1502 1254; x_wconf 86' lang='lat' dir='ltr'>rerumque</span> 
     </span>
     <span class='ocr_line' id='line_1_8' title="bbox 358 1291 1502 1381; baseline 0.001 -23"><span class='ocrx_word' id='word_1_57' title='bbox 358 1292 489 1381; x_wconf 88' lang='lat' dir='ltr'><strong>species</strong></span> <span class='ocrx_word' id='word_1_58' title='bbox 505 1292 594 1358; x_wconf 89' lang='lat' dir='ltr'><strong>aliae</strong></span> <span class='ocrx_word' id='word_1_59' title='bbox 622 1300 876 1378; x_wconf 86' lang='lat' dir='ltr'><strong>consequantur</strong></span> <span class='ocrx_word' id='word_1_60' title='bbox 903 1293 947 1359; x_wconf 96' lang='lat' dir='ltr'><strong>ab</strong></span> <span class='ocrx_word' id='word_1_61' title='bbox 974 1291 1171 1360; x_wconf 86' lang='lat' dir='ltr'><strong>huiusmodi</strong></span> <span class='ocrx_word' id='word_1_62' title='bbox 1201 1291 1502 1380; x_wconf 75' lang='lat' dir='ltr'><strong>approximatione</strong></span> 
     </span>
     <span class='ocr_line' id='line_1_9' title="bbox 358 1420 1503 1508; baseline -0.002 -21"><span class='ocrx_word' id='word_1_63' title='bbox 358 1444 418 1487; x_wconf 91' lang='lat' dir='ltr'><strong>seu</strong></span> <span class='ocrx_word' id='word_1_64' title='bbox 435 1420 697 1507; x_wconf 80' lang='lat' dir='ltr'><strong>compositione,</strong></span> <span class='ocrx_word' id='word_1_65' title='bbox 718 1443 804 1506; x_wconf 86' lang='lat' dir='ltr'><strong>quas</strong></span> <span class='ocrx_word' id='word_1_66' title='bbox 822 1420 899 1508; x_wconf 89' lang='lat' dir='ltr'><strong>ipsa</strong></span> <span class='ocrx_word' id='word_1_67' title='bbox 921 1426 1047 1487; x_wconf 88' lang='lat' dir='ltr'><strong>natura</strong></span> <span class='ocrx_word' id='word_1_68' title='bbox 1065 1420 1237 1508; x_wconf 87' lang='lat' dir='ltr'><strong>perficiat,</strong></span> <span class='ocrx_word' id='word_1_69' title='bbox 1256 1443 1311 1486; x_wconf 88' lang='lat' dir='ltr'><strong>ars</strong></span> <span class='ocrx_word' id='word_1_70' title='bbox 1329 1442 1413 1486; x_wconf 82' lang='lat' dir='ltr'><strong>vero</strong></span> <span class='ocrx_word' id='word_1_71' title='bbox 1432 1441 1503 1485; x_wconf 93' lang='lat' dir='ltr'><strong>non</strong></span> 
     </span>
     <span class='ocr_line' id='line_1_10' title="bbox 358 1548 1504 1633; baseline -0.002 -18"><span class='ocrx_word' id='word_1_72' title='bbox 358 1549 514 1615; x_wconf 90' lang='lat' dir='ltr'><strong>ulterius.</strong></span> <span class='ocrx_word' id='word_1_73' title='bbox 534 1548 660 1616; x_wconf 88' lang='lat' dir='ltr'>Utrum</span> <span class='ocrx_word' id='word_1_74' title='bbox 683 1569 765 1614; x_wconf 90' lang='lat' dir='ltr'><strong>vero</strong></span> <span class='ocrx_word' id='word_1_75' title='bbox 784 1548 1022 1633; x_wconf 80' lang='lat' dir='ltr'><strong>augmentatio</strong></span> <span class='ocrx_word' id='word_1_76' title='bbox 1048 1548 1171 1615; x_wconf 92' lang='lat' dir='ltr'><strong>horum</strong></span> <span class='ocrx_word' id='word_1_77' title='bbox 1189 1549 1424 1615; x_wconf 91' lang='lat' dir='ltr'><strong>subiectorum</strong></span> <span class='ocrx_word' id='word_1_78' title='bbox 1442 1549 1504 1614; x_wconf 86' lang='lat' dir='ltr'><strong>fiat</strong></span> 
     </span>
     <span class='ocr_line' id='line_1_11' title="bbox 295 1672 1505 1762; baseline -0.005 -17"><span class='ocrx_word' id='word_1_79' title='bbox 295 1681 337 1745; x_wconf 91' lang='lat'><strong>10</strong></span> <span class='ocrx_word' id='word_1_80' title='bbox 360 1673 545 1742; x_wconf 85' lang='lat' dir='ltr'><strong>conformis</strong></span> <span class='ocrx_word' id='word_1_81' title='bbox 564 1680 710 1739; x_wconf 89' lang='lat' dir='ltr'><strong>naturae</strong></span> <span class='ocrx_word' id='word_1_82' title='bbox 729 1672 785 1740; x_wconf 86' lang='lat' dir='ltr'><strong>vel</strong></span> <span class='ocrx_word' id='word_1_83' title='bbox 803 1673 1021 1759; x_wconf 83' lang='lat' dir='ltr'><strong>naturaliter,</strong></span> <span class='ocrx_word' id='word_1_84' title='bbox 1041 1696 1111 1740; x_wconf 91' lang='lat' dir='ltr'><strong>non</strong></span> <span class='ocrx_word' id='word_1_85' title='bbox 1135 1675 1248 1741; x_wconf 90' lang='lat' dir='ltr'><strong>solum</strong></span> <span class='ocrx_word' id='word_1_86' title='bbox 1276 1696 1317 1740; x_wconf 83' lang='lat' dir='ltr'><strong>ex</strong></span> <span class='ocrx_word' id='word_1_87' title='bbox 1341 1674 1426 1762; x_wconf 90' lang='lat' dir='ltr'><strong>ipsis</strong></span> <span class='ocrx_word' id='word_1_88' title='bbox 1452 1695 1505 1740; x_wconf 92' lang='lat' dir='ltr'><strong>co·</strong></span> 
     </span>
     <span class='ocr_line' id='line_1_12' title="bbox 358 1798 1505 1888; baseline -0.001 -22"><span class='ocrx_word' id='word_1_89' title='bbox 358 1800 506 1886; x_wconf 88' lang='lat' dir='ltr'><strong>loribus,</strong></span> <span class='ocrx_word' id='word_1_90' title='bbox 526 1799 751 1888; x_wconf 87' lang='lat' dir='ltr'><strong>ponderibus,</strong></span> <span class='ocrx_word' id='word_1_91' title='bbox 772 1798 831 1864; x_wconf 90' lang='lat' dir='ltr'><strong>sed</strong></span> <span class='ocrx_word' id='word_1_92' title='bbox 850 1822 892 1865; x_wconf 83' lang='lat' dir='ltr'><strong>ex</strong></span> <span class='ocrx_word' id='word_1_93' title='bbox 912 1800 990 1866; x_wconf 90' lang='lat' dir='ltr'><strong>aliis</strong></span> <span class='ocrx_word' id='word_1_94' title='bbox 1009 1799 1268 1888; x_wconf 88' lang='lat' dir='ltr'><strong>operationibus</strong></span> <span class='ocrx_word' id='word_1_95' title='bbox 1297 1807 1349 1866; x_wconf 90' lang='lat' dir='ltr'><strong>est</strong></span> <span class='ocrx_word' id='word_1_96' title='bbox 1379 1800 1505 1866; x_wconf 84' lang='lat' dir='ltr'><strong>exami-</strong></span> 
     </span>
     <span class='ocr_line' id='line_1_13' title="bbox 358 1925 928 1994; baseline -0.004 -1"><span class='ocrx_word' id='word_1_97' title='bbox 358 1926 513 1994; x_wconf 91' lang='lat' dir='ltr'><strong>nandum</strong></span> <span class='ocrx_word' id='word_1_98' title='bbox 532 1926 703 1992; x_wconf 87' lang='lat' dir='ltr'><strong>similibus</strong></span> <span class='ocrx_word' id='word_1_99' title='bbox 723 1926 778 1991; x_wconf 90' lang='lat' dir='ltr'><strong>vel</strong></span> <span class='ocrx_word' id='word_1_100' title='bbox 797 1925 928 1991; x_wconf 89' lang='lat' dir='ltr'><strong>iisdem.</strong></span> 
     </span>
    </p>
   </div>
   <div class='ocr_carea' id='block_1_3' title="bbox 1524 2062 1670 2126">
    <p class='ocr_par' dir='ltr' id='par_1_3' title="bbox 1524 2062 1670 2126">
     <span class='ocr_line' id='line_1_14' title="bbox 1524 2062 1670 2126; baseline -0.014 0"><span class='ocrx_word' id='word_1_101' title='bbox 1524 2062 1670 2126; x_wconf 69' lang='lat' dir='ltr'>52¹·ss</span> 
     </span>
    </p>
   </div>
   <div class='ocr_carea' id='block_1_4' title="bbox 666 2130 1667 2262">
    <p class='ocr_par' dir='ltr' id='par_1_4' title="bbox 666 2130 1667 2262">
     <span class='ocr_line' id='line_1_15' title="bbox 666 2130 1667 2216; baseline 0.001 -46"><span class='ocrx_word' id='word_1_102' title='bbox 666 2133 699 2173; x_wconf 81' lang='lat' dir='ltr'><strong>Da</strong></span> <span class='ocrx_word' id='word_1_103' title='bbox 713 2131 878 2172; x_wconf 79' lang='lat' dir='ltr'><strong>clementorum</strong></span> <span class='ocrx_word' id='word_1_104' title='bbox 892 2136 915 2171; x_wconf 88' lang='lat' dir='ltr'><strong>ct</strong></span> <span class='ocrx_word' id='word_1_105' title='bbox 930 2130 1026 2170; x_wconf 76' lang='lat' dir='ltr'><strong>altorum</strong></span> <span class='ocrx_word' id='word_1_106' title='bbox 1040 2131 1196 2180; x_wconf 68' lang='lat' dir='ltr'><strong>generatione.</strong></span> <span class='ocrx_word' id='word_1_107' title='bbox 1527 2153 1617 2216; x_wconf 59' lang='lat'><strong>37,</strong></span> <span class='ocrx_word' id='word_1_108' title='bbox 1629 2150 1667 2214; x_wconf 72' lang='grc' dir='ltr'><em>Ο</em></span> 
     </span>
     <span class='ocr_line' id='line_1_16' title="bbox 795 2219 1063 2262; baseline 0 -2"><span class='ocrx_word' id='word_1_109' title='bbox 795 2221 852 2260; x_wconf 79' lang='lat' dir='ltr'><strong>Tcx.</strong></span> <span class='ocrx_word' id='word_1_110' title='bbox 867 2221 901 2261; x_wconf 71' lang='grc'><strong>43.</strong></span> <span class='ocrx_word' id='word_1_111' title='bbox 918 2219 1011 2261; x_wconf 77' lang='lat' dir='ltr'><strong>Summa</strong></span> <span class='ocrx_word' id='word_1_112' title='bbox 1024 2222 1063 2262; x_wconf 83' lang='lat' dir='ltr'><strong>lv.</strong></span> 
     </span>
    </p>
   </div>
   <div class='ocr_carea' id='block_1_5' title="bbox 296 2353 1507 3704">
    <p class='ocr_par' dir='ltr' id='par_1_5' title="bbox 296 2353 1507 2951">
     <span class='ocr_line' id='line_1_17' title="bbox 296 2353 1504 2439; baseline -0.003 -18"><span class='ocrx_word' id='word_1_113' title='bbox 296 2366 337 2430; x_wconf 83' lang='lat'><strong>15</strong></span> <span class='ocrx_word' id='word_1_114' title='bbox 450 2354 674 2421; x_wconf 84' lang='lat' dir='ltr'><strong>Generantur</strong></span> <span class='ocrx_word' id='word_1_115' title='bbox 702 2353 842 2439; x_wconf 92' lang='lat' dir='ltr'><strong>quidem</strong></span> <span class='ocrx_word' id='word_1_116' title='bbox 872 2353 1041 2419; x_wconf 89' lang='lat' dir='ltr'><strong>elementa</strong></span> <span class='ocrx_word' id='word_1_117' title='bbox 1071 2375 1112 2418; x_wconf 86' lang='lat' dir='ltr'><strong>ex</strong></span> <span class='ocrx_word' id='word_1_118' title='bbox 1139 2353 1303 2437; x_wconf 89' lang='lat' dir='ltr'><strong>invicem,</strong></span> <span class='ocrx_word' id='word_1_119' title='bbox 1330 2374 1400 2419; x_wconf 92' lang='lat' dir='ltr'><strong>non</strong></span> <span class='ocrx_word' id='word_1_120' title='bbox 1424 2374 1504 2439; x_wconf 90' lang='lat' dir='ltr'><strong>qua·</strong></span> 
     </span>
     <span class='ocr_line' id='line_1_18' title="bbox 360 2479 1505 2567; baseline -0.003 -18"><span class='ocrx_word' id='word_1_121' title='bbox 360 2491 462 2549; x_wconf 88' lang='lat' dir='ltr'><strong>tenus</strong></span> <span class='ocrx_word' id='word_1_122' title='bbox 481 2483 652 2549; x_wconf 90' lang='lat' dir='ltr'><strong>elementa</strong></span> <span class='ocrx_word' id='word_1_123' title='bbox 671 2487 766 2564; x_wconf 87' lang='lat' dir='ltr'><strong>sunt;</strong></span> <span class='ocrx_word' id='word_1_124' title='bbox 786 2481 838 2546; x_wconf 94' lang='lat' dir='ltr'><strong>illi</strong></span> <span class='ocrx_word' id='word_1_125' title='bbox 858 2481 950 2547; x_wconf 89' lang='lat' dir='ltr'><strong>enim</strong></span> <span class='ocrx_word' id='word_1_126' title='bbox 975 2481 1036 2567; x_wconf 95' lang='lat' dir='ltr'><strong>qui</strong></span> <span class='ocrx_word' id='word_1_127' title='bbox 1066 2489 1192 2564; x_wconf 70' lang='lat' dir='ltr'><strong>aerem,</strong></span> <span class='ocrx_word' id='word_1_128' title='bbox 1221 2479 1353 2566; x_wconf 87' lang='lat' dir='ltr'><strong>iguem,</strong></span> <span class='ocrx_word' id='word_1_129' title='bbox 1377 2486 1505 2545; x_wconf 88' lang='lat' dir='ltr'><strong>terram</strong></span> 
     </span>
     <span class='ocr_line' id='line_1_19' title="bbox 360 2605 1506 2695; baseline -0.005 -19"><span class='ocrx_word' id='word_1_130' title='bbox 360 2618 395 2676; x_wconf 88' lang='lat' dir='ltr'><strong>et</strong></span> <span class='ocrx_word' id='word_1_131' title='bbox 418 2632 544 2695; x_wconf 87' lang='lat' dir='ltr'><strong>aquam</strong></span> <span class='ocrx_word' id='word_1_132' title='bbox 569 2607 738 2673; x_wconf 87' lang='lat' dir='ltr'><strong>elementa</strong></span> <span class='ocrx_word' id='word_1_133' title='bbox 762 2613 945 2687; x_wconf 84' lang='lat' dir='ltr'><strong>vocarunt,</strong></span> <span class='ocrx_word' id='word_1_134' title='bbox 972 2613 1012 2672; x_wconf 93' lang='lat' dir='ltr'><strong>ut</strong></span> <span class='ocrx_word' id='word_1_135' title='bbox 1039 2605 1276 2693; x_wconf 84' lang='lat' dir='ltr'><strong>Empedocles,</strong></span> <span class='ocrx_word' id='word_1_136' title='bbox 1305 2628 1374 2672; x_wconf 90' lang='lat' dir='ltr'><strong>nou</strong></span> <span class='ocrx_word' id='word_1_137' title='bbox 1404 2605 1506 2670; x_wconf 87' lang='lat' dir='ltr'><strong>facie·</strong></span> 
     </span>
     <span class='ocr_line' id='line_1_20' title="bbox 360 2733 1507 2822; baseline -0.002 -21"><span class='ocrx_word' id='word_1_138' title='bbox 360 2737 446 2802; x_wconf 90' lang='lat' dir='ltr'><strong>bant</strong></span> <span class='ocrx_word' id='word_1_139' title='bbox 465 2759 506 2802; x_wconf 91' lang='lat' dir='ltr'><strong>ea</strong></span> <span class='ocrx_word' id='word_1_140' title='bbox 525 2735 701 2822; x_wconf 90' lang='lat' dir='ltr'><strong>corrumpi</strong></span> <span class='ocrx_word' id='word_1_141' title='bbox 721 2741 755 2799; x_wconf 91' lang='lat' dir='ltr'><strong>et</strong></span> <span class='ocrx_word' id='word_1_142' title='bbox 774 2735 946 2821; x_wconf 84' lang='lat' dir='ltr'><strong>generari,</strong></span> <span class='ocrx_word' id='word_1_143' title='bbox 968 2733 1027 2800; x_wconf 92' lang='lat' dir='ltr'><strong>sed</strong></span> <span class='ocrx_word' id='word_1_144' title='bbox 1046 2733 1156 2800; x_wconf 90' lang='lat' dir='ltr'><strong>solum</strong></span> <span class='ocrx_word' id='word_1_145' title='bbox 1176 2735 1380 2821; x_wconf 83' lang='lat' dir='ltr'><strong>congregari</strong></span> <span class='ocrx_word' id='word_1_146' title='bbox 1404 2745 1439 2799; x_wconf 87' lang='lat' dir='ltr'><strong>et</strong></span> <span class='ocrx_word' id='word_1_147' title='bbox 1458 2757 1507 2799; x_wconf 90' lang='lat' dir='ltr'><strong>se·</strong></span> 
     </span>
     <span class='ocr_line' id='line_1_21' title="bbox 359 2860 1502 2951; baseline -0.003 -22"><span class='ocrx_word' id='word_1_148' title='bbox 359 2865 514 2951; x_wconf 82' lang='lat' dir='ltr'><strong>gregori,</strong></span> <span class='ocrx_word' id='word_1_149' title='bbox 532 2870 636 2947; x_wconf 85' lang='lat' dir='ltr'><strong>atque</strong></span> <span class='ocrx_word' id='word_1_150' title='bbox 655 2885 697 2926; x_wconf 81' lang='lat' dir='ltr'><strong>ex</strong></span> <span class='ocrx_word' id='word_1_151' title='bbox 716 2861 769 2926; x_wconf 89' lang='lat' dir='ltr'><strong>his</strong></span> <span class='ocrx_word' id='word_1_152' title='bbox 784 2884 856 2927; x_wconf 89' lang='lat' dir='ltr'><strong>esse</strong></span> <span class='ocrx_word' id='word_1_153' title='bbox 873 2861 996 2944; x_wconf 88' lang='lat' dir='ltr'><strong>omnia,</strong></span> <span class='ocrx_word' id='word_1_154' title='bbox 1014 2868 1048 2926; x_wconf 93' lang='lat' dir='ltr'><strong>et</strong></span> <span class='ocrx_word' id='word_1_155' title='bbox 1064 2860 1251 2927; x_wconf 87' lang='lat' dir='ltr'><strong>secundum</strong></span> <span class='ocrx_word' id='word_1_156' title='bbox 1271 2861 1502 2926; x_wconf 83' lang='lat' dir='ltr'><strong>substantiam</strong></span> 
     </span>
    </p>

    <p class='ocr_par' dir='ltr' id='par_1_6' title="bbox 296 2985 1505 3577">
     <span class='ocr_line' id='line_1_22' title="bbox 296 2985 1504 3077; baseline -0.004 -21"><span class='ocrx_word' id='word_1_157' title='bbox 296 3002 340 3064; x_wconf 82' lang='lat'><strong>‘20</strong></span> <span class='ocrx_word' id='word_1_158' title='bbox 362 2996 499 3077; x_wconf 87' lang='lat' dir='ltr'><strong>praeter</strong></span> <span class='ocrx_word' id='word_1_159' title='bbox 514 2987 598 3054; x_wconf 91' lang='lat' dir='ltr'><strong>haec</strong></span> <span class='ocrx_word' id='word_1_160' title='bbox 617 2987 706 3052; x_wconf 89' lang='lat' dir='ltr'><strong>nihil</strong></span> <span class='ocrx_word' id='word_1_161' title='bbox 722 3010 807 3071; x_wconf 86' lang='lat' dir='ltr'><strong>esse,</strong></span> <span class='ocrx_word' id='word_1_162' title='bbox 823 2987 913 3053; x_wconf 88' lang='lat' dir='ltr'><strong>sicut</strong></span> <span class='ocrx_word' id='word_1_163' title='bbox 931 3009 972 3051; x_wconf 84' lang='lat' dir='ltr'><strong>ex</strong></span> <span class='ocrx_word' id='word_1_164' title='bbox 990 2985 1118 3052; x_wconf 89' lang='lat' dir='ltr'><strong>litteris</strong></span> <span class='ocrx_word' id='word_1_165' title='bbox 1135 2995 1187 3052; x_wconf 89' lang='lat' dir='ltr'><strong>est</strong></span> <span class='ocrx_word' id='word_1_166' title='bbox 1205 2987 1317 3052; x_wconf 87' lang='lat' dir='ltr'><strong>omnis</strong></span> <span class='ocrx_word' id='word_1_167' title='bbox 1333 2986 1504 3072; x_wconf 86' lang='lat' dir='ltr'><strong>scriptura</strong></span> 
     </span>
     <span class='ocr_line' id='line_1_23' title="bbox 360 3111 1503 3200; baseline -0.005 -18"><span class='ocrx_word' id='word_1_168' title='bbox 360 3126 394 3182; x_wconf 91' lang='lat' dir='ltr'><strong>et</strong></span> <span class='ocrx_word' id='word_1_169' title='bbox 421 3115 537 3182; x_wconf 87' lang='lat' dir='ltr'><strong>omnia</strong></span> <span class='ocrx_word' id='word_1_170' title='bbox 568 3115 673 3179; x_wconf 89' lang='lat' dir='ltr'><strong>verba</strong></span> <span class='ocrx_word' id='word_1_171' title='bbox 702 3112 845 3200; x_wconf 86' lang='lat' dir='ltr'><strong>scripta,</strong></span> <span class='ocrx_word' id='word_1_172' title='bbox 866 3121 900 3177; x_wconf 91' lang='lat' dir='ltr'><strong>ct</strong></span> <span class='ocrx_word' id='word_1_173' title='bbox 924 3119 1020 3178; x_wconf 87' lang='lat' dir='ltr'><strong>extra</strong></span> <span class='ocrx_word' id='word_1_174' title='bbox 1045 3112 1240 3178; x_wconf 88' lang='lat' dir='ltr'><strong>litterarum</strong></span> <span class='ocrx_word' id='word_1_175' title='bbox 1271 3111 1503 3178; x_wconf 84' lang='lat' dir='ltr'><strong>substantiam</strong></span> 
     </span>
     <span class='ocr_line' id='line_1_24' title="bbox 360 3237 1504 3326; baseline -0.004 -19"><span class='ocrx_word' id='word_1_176' title='bbox 360 3243 456 3309; x_wconf 89' lang='lat' dir='ltr'><strong>nulla</strong></span> <span class='ocrx_word' id='word_1_177' title='bbox 474 3248 525 3307; x_wconf 83' lang='lat' dir='ltr'><strong>est</strong></span> <span class='ocrx_word' id='word_1_178' title='bbox 544 3240 732 3326; x_wconf 87' lang='lat' dir='ltr'><strong>scriptura,</strong></span> <span class='ocrx_word' id='word_1_179' title='bbox 753 3245 857 3323; x_wconf 85' lang='lat' dir='ltr'><strong>atquc</strong></span> <span class='ocrx_word' id='word_1_180' title='bbox 877 3239 988 3303; x_wconf 90' lang='lat' dir='ltr'><strong>omnis</strong></span> <span class='ocrx_word' id='word_1_181' title='bbox 1004 3238 1196 3304; x_wconf 86' lang='lat' dir='ltr'><strong>dictionum</strong></span> <span class='ocrx_word' id='word_1_182' title='bbox 1221 3237 1371 3303; x_wconf 86' lang='lat' dir='ltr'><strong>varietas</strong></span> <span class='ocrx_word' id='word_1_183' title='bbox 1400 3246 1504 3322; x_wconf 90' lang='lat' dir='ltr'><strong>atque</strong></span> 
     </span>
     <span class='ocr_line' id='line_1_25' title="bbox 361 3363 1503 3455; baseline -0.003 -23"><span class='ocrx_word' id='word_1_184' title='bbox 361 3367 491 3455; x_wconf 88' lang='lat' dir='ltr'><strong>species</strong></span> <span class='ocrx_word' id='word_1_185' title='bbox 510 3388 581 3432; x_wconf 91' lang='lat' dir='ltr'><strong>non</strong></span> <span class='ocrx_word' id='word_1_186' title='bbox 601 3388 643 3430; x_wconf 83' lang='lat' dir='ltr'><strong>ex</strong></span> <span class='ocrx_word' id='word_1_187' title='bbox 660 3364 856 3430; x_wconf 88' lang='lat' dir='ltr'><strong>litterarum</strong></span> <span class='ocrx_word' id='word_1_188' title='bbox 876 3365 1167 3430; x_wconf 85' lang='lat' dir='ltr'><strong>transmutatione</strong></span> <span class='ocrx_word' id='word_1_189' title='bbox 1193 3365 1229 3428; x_wconf 91' lang='lat' dir='ltr'><strong>in</strong></span> <span class='ocrx_word' id='word_1_190' title='bbox 1249 3364 1334 3429; x_wconf 83' lang='lat' dir='ltr'><strong>alias</strong></span> <span class='ocrx_word' id='word_1_191' title='bbox 1353 3363 1503 3448; x_wconf 83' lang='lat' dir='ltr'><strong>litteras,</strong></span> 
     </span>
     <span class='ocr_line' id='line_1_26' title="bbox 361 3488 1505 3577; baseline -0.007 -17"><span class='ocrx_word' id='word_1_192' title='bbox 361 3493 420 3560; x_wconf 87' lang='lat' dir='ltr'><strong>sed</strong></span> <span class='ocrx_word' id='word_1_193' title='bbox 437 3494 547 3559; x_wconf 89' lang='lat' dir='ltr'><strong>solum</strong></span> <span class='ocrx_word' id='word_1_194' title='bbox 564 3515 605 3556; x_wconf 87' lang='lat' dir='ltr'><strong>ex</strong></span> <span class='ocrx_word' id='word_1_195' title='bbox 622 3514 739 3557; x_wconf 88' lang='lat' dir='ltr'><strong>earum</strong></span> <span class='ocrx_word' id='word_1_196' title='bbox 755 3491 1001 3577; x_wconf 86' lang='lat' dir='ltr'><strong>compositione</strong></span> <span class='ocrx_word' id='word_1_197' title='bbox 1018 3500 1122 3574; x_wconf 84' lang='lat' dir='ltr'><strong>atque</strong></span> <span class='ocrx_word' id='word_1_198' title='bbox 1134 3490 1270 3555; x_wconf 85' lang='lat' dir='ltr'><strong>diversa</strong></span> <span class='ocrx_word' id='word_1_199' title='bbox 1287 3488 1505 3554; x_wconf 85' lang='lat' dir='ltr'><strong>ordinatione</strong></span> 
     </span>
    </p>

    <p class='ocr_par' dir='ltr' id='par_1_7' title="bbox 296 3616 1506 3704">
     <span class='ocr_line' id='line_1_27' title="bbox 296 3616 1506 3704; baseline -0.005 -17"><span class='ocrx_word' id='word_1_200' title='bbox 296 3626 339 3687; x_wconf 79' lang='lat'><strong>‘25</strong></span> <span class='ocrx_word' id='word_1_201' title='bbox 364 3620 518 3686; x_wconf 82' lang='lat' dir='ltr'><strong>diversus</strong></span> <span class='ocrx_word' id='word_1_202' title='bbox 538 3641 652 3683; x_wconf 83' lang='lat' dir='ltr'><strong>rerum</strong></span> <span class='ocrx_word' id='word_1_203' title='bbox 671 3618 788 3683; x_wconf 87' lang='lat' dir='ltr'><strong>vultus</strong></span> <span class='ocrx_word' id='word_1_204' title='bbox 807 3623 959 3704; x_wconf 88' lang='lat' dir='ltr'><strong>apparet.</strong></span> <span class='ocrx_word' id='word_1_205' title='bbox 984 3616 1107 3701; x_wconf 83' lang='lat' dir='ltr'><strong>ltaque</strong></span> <span class='ocrx_word' id='word_1_206' title='bbox 1138 3617 1235 3682; x_wconf 87' lang='lat' dir='ltr'><strong>iuxta</strong></span> <span class='ocrx_word' id='word_1_207' title='bbox 1266 3616 1403 3682; x_wconf 83' lang='lat' dir='ltr'><strong>illorum</strong></span> <span class='ocrx_word' id='word_1_208' title='bbox 1435 3616 1506 3702; x_wconf 91' lang='lat' dir='ltr'><strong>opi·</strong></span> 
     </span>
    </p>
   </div>
   <div class='ocr_carea' id='block_1_6' title="bbox 362 3741 1506 3830">
    <p class='ocr_par' dir='ltr' id='par_1_8' title="bbox 362 3741 1506 3830">
     <span class='ocr_line' id='line_1_28' title="bbox 362 3741 1506 3830; baseline -0.005 -18"><span class='ocrx_word' id='word_1_209' title='bbox 362 3747 501 3812; x_wconf 84' lang='lat' dir='ltr'><strong>nioueru</strong></span> <span class='ocrx_word' id='word_1_210' title='bbox 522 3768 610 3830; x_wconf 86' lang='lat' dir='ltr'><strong>aqua</strong></span> <span class='ocrx_word' id='word_1_211' title='bbox 631 3766 698 3809; x_wconf 92' lang='lat' dir='ltr'><strong>uon</strong></span> <span class='ocrx_word' id='word_1_212' title='bbox 719 3745 755 3808; x_wconf 93' lang='lat' dir='ltr'><strong>in</strong></span> <span class='ocrx_word' id='word_1_213' title='bbox 776 3751 888 3808; x_wconf 75' lang='lat' dir='ltr'><strong>adrem</strong></span> <span class='ocrx_word' id='word_1_214' title='bbox 907 3749 1075 3826; x_wconf 87' lang='lat' dir='ltr'><strong>mutatur,</strong></span> <span class='ocrx_word' id='word_1_215' title='bbox 1093 3743 1152 3807; x_wconf 85' lang='lat' dir='ltr'><strong>sed</strong></span> <span class='ocrx_word' id='word_1_216' title='bbox 1167 3765 1228 3829; x_wconf 90' lang='lat' dir='ltr'><strong>per</strong></span> <span class='ocrx_word' id='word_1_217' title='bbox 1244 3750 1357 3806; x_wconf 73' lang='lat' dir='ltr'><strong>aerem</strong></span> <span class='ocrx_word' id='word_1_218' title='bbox 1376 3741 1506 3827; x_wconf 86' lang='lat' dir='ltr'><strong>disper·</strong></span> 
     </span>
    </p>
   </div>
   <div class='ocr_carea' id='block_1_7' title="bbox 296 3858 1508 3960">
    <p class='ocr_par' dir='ltr' id='par_1_9' title="bbox 296 3858 1508 3960">
     <span class='ocr_line' id='line_1_29' title="bbox 296 3858 1508 3960; baseline -0.007 -21"><span class='ocrx_word' id='word_1_219' title='bbox 296 3858 300 3867; x_wconf 46' lang='lat'>¹</span> <span class='ocrx_word' id='word_1_220' title='bbox 364 3875 460 3960; x_wconf 79' lang='lat' dir='ltr'><strong>gitur</strong></span> <span class='ocrx_word' id='word_1_221' title='bbox 480 3873 517 3936; x_wconf 92' lang='lat' dir='ltr'><strong>in</strong></span> <span class='ocrx_word' id='word_1_222' title='bbox 535 3873 682 3936; x_wconf 79' lang='lat' dir='ltr'><strong>formam</strong></span> <span class='ocrx_word' id='word_1_223' title='bbox 706 3870 794 3936; x_wconf 86' lang='lat' dir='ltr'><strong>fumi</strong></span> <span class='ocrx_word' id='word_1_224' title='bbox 815 3877 849 3935; x_wconf 86' lang='lat' dir='ltr'><strong>et</strong></span> <span class='ocrx_word' id='word_1_225' title='bbox 868 3869 1007 3956; x_wconf 83' lang='lat' dir='ltr'><strong>vaporis</strong></span> <span class='ocrx_word' id='word_1_226' title='bbox 1023 3870 1185 3950; x_wconf 83' lang='lat' dir='ltr'><strong>resoluta,</strong></span> <span class='ocrx_word' id='word_1_227' title='bbox 1203 3876 1242 3933; x_wconf 92' lang='lat' dir='ltr'><strong>ut</strong></span> <span class='ocrx_word' id='word_1_228' title='bbox 1260 3869 1385 3933; x_wconf 87' lang='lat' dir='ltr'><strong>iterum</strong></span> <span class='ocrx_word' id='word_1_229' title='bbox 1402 3868 1508 3954; x_wconf 85' lang='lat' dir='ltr'><strong>parti·</strong></span> 
     </span>
    </p>
   </div>
   <div class='ocr_carea' id='block_1_8' title="bbox 364 3994 1508 4080">
    <p class='ocr_par' dir='ltr' id='par_1_10' title="bbox 364 3994 1508 4080">
     <span class='ocr_line' id='line_1_30' title="bbox 364 3994 1508 4080; baseline -0.004 -16"><span class='ocrx_word' id='word_1_230' title='bbox 364 4000 428 4065; x_wconf 84' lang='lat' dir='ltr'><strong>bus</strong></span> <span class='ocrx_word' id='word_1_231' title='bbox 445 3998 513 4063; x_wconf 80' lang='lat' dir='ltr'><strong>illis</strong></span> <span class='ocrx_word' id='word_1_232' title='bbox 535 3997 738 4063; x_wconf 67' lang='lat' dir='ltr'><strong>sociantibus</strong></span> <span class='ocrx_word' id='word_1_233' title='bbox 758 3996 963 4061; x_wconf 83' lang='lat' dir='ltr'><strong>restituatur</strong></span> <span class='ocrx_word' id='word_1_234' title='bbox 982 3995 1176 4080; x_wconf 86' lang='lat' dir='ltr'><strong>aliquando</strong></span> <span class='ocrx_word' id='word_1_235' title='bbox 1195 3994 1252 4058; x_wconf 84' lang='lat' dir='ltr'><strong>Sic</strong></span> <span class='ocrx_word' id='word_1_236' title='bbox 1267 4016 1378 4079; x_wconf 83' lang='lat' dir='ltr'><strong>neque</strong></span> <span class='ocrx_word' id='word_1_237' title='bbox 1394 4001 1452 4058; x_wconf 72' lang='lat' dir='ltr'><strong>adr</strong></span> <span class='ocrx_word' id='word_1_238' title='bbox 1471 3994 1508 4059; x_wconf 93' lang='lat' dir='ltr'><strong>in</strong></span> 
     </span>
    </p>
   </div>
   <div class='ocr_carea' id='block_1_9' title="bbox 364 4118 1507 4210">
    <p class='ocr_par' dir='ltr' id='par_1_11' title="bbox 364 4118 1507 4210">
     <span class='ocr_line' id='line_1_31' title="bbox 364 4118 1507 4210; baseline -0.005 -20"><span class='ocrx_word' id='word_1_239' title='bbox 364 4148 488 4210; x_wconf 82' lang='lat' dir='ltr'><strong>aquam</strong></span> <span class='ocrx_word' id='word_1_240' title='bbox 509 4130 673 4206; x_wconf 82' lang='lat' dir='ltr'><strong>unitatur,</strong></span> <span class='ocrx_word' id='word_1_241' title='bbox 692 4144 804 4207; x_wconf 87' lang='lat' dir='ltr'><strong>neque</strong></span> <span class='ocrx_word' id='word_1_242' title='bbox 824 4121 932 4185; x_wconf 81' lang='lat' dir='ltr'><strong>ullum</strong></span> <span class='ocrx_word' id='word_1_243' title='bbox 952 4121 1075 4185; x_wconf 83' lang='lat' dir='ltr'><strong>horum</strong></span> <span class='ocrx_word' id='word_1_244' title='bbox 1094 4121 1130 4185; x_wconf 94' lang='lat' dir='ltr'><strong>in</strong></span> <span class='ocrx_word' id='word_1_245' title='bbox 1150 4127 1277 4184; x_wconf 89' lang='lat' dir='ltr'><strong>terram</strong></span> <span class='ocrx_word' id='word_1_246' title='bbox 1290 4142 1348 4184; x_wconf 91' lang='lat' dir='ltr'><strong>seu</strong></span> <span class='ocrx_word' id='word_1_247' title='bbox 1362 4118 1507 4200; x_wconf 75' lang='lat' dir='ltr'><strong>aridam,</strong></span> 
     </span>
    </p>
   </div>
   <div class='ocr_carea' id='block_1_10' title="bbox 366 4353 1507 4502">
    <p class='ocr_par' dir='ltr' id='par_1_12' title="bbox 366 4353 1507 4502">
     <span class='ocr_line' id='line_1_32' title="bbox 456 4353 1507 4421; baseline -0.002 -15"><span class='ocrx_word' id='word_1_248' title='bbox 456 4358 471 4406; x_wconf 82' lang='grc'><strong>3</strong></span> <span class='ocrx_word' id='word_1_249' title='bbox 488 4372 546 4406; x_wconf 89' lang='lat' dir='ltr'><strong>non</strong></span> <span class='ocrx_word' id='word_1_250' title='bbox 561 4360 644 4420; x_wconf 84' lang='lat' dir='ltr'><strong>putet</strong></span> <span class='ocrx_word' id='word_1_251' title='bbox 658 4371 688 4404; x_wconf 88' lang='lat' dir='ltr'><strong>so</strong></span> <span class='ocrx_word' id='word_1_252' title='bbox 702 4355 796 4404; x_wconf 87' lang='lat' dir='ltr'><strong>moliri</strong></span> <span class='ocrx_word' id='word_1_253' title='bbox 812 4354 1012 4421; x_wconf 86' lang='lat' dir='ltr'><strong>impossibilia,</strong></span> <span class='ocrx_word' id='word_1_254' title='bbox 1028 4354 1078 4403; x_wconf 87' lang='lat' dir='ltr'><strong>scd</strong></span> <span class='ocrx_word' id='word_1_255' title='bbox 1092 4353 1146 4404; x_wconf 89' lang='lat' dir='ltr'><strong>sibi</strong></span> <span class='ocrx_word' id='word_1_256' title='bbox 1162 4353 1351 4418; x_wconf 83' lang='lat' dir='ltr'><strong>impossibilia</strong></span> <span class='ocrx_word' id='word_1_257' title='bbox 1362 4361 1465 4404; x_wconf 66' lang='lat' dir='ltr'><strong>carnoto</strong></span> <span class='ocrx_word' id='word_1_258' title='bbox 1476 4354 1507 4406; x_wconf 74' lang='lat' dir='ltr'><strong>in</strong></span> 
     </span>
     <span class='ocr_line' id='line_1_33' title="bbox 366 4435 1384 4502; baseline -0.004 -14"><span class='ocrx_word' id='word_1_259' title='bbox 366 4437 492 4502; x_wconf 67' lang='lat' dir='ltr'><strong>scarpB</strong></span> <span class='ocrx_word' id='word_1_260' title='bbox 555 4435 848 4502; x_wconf 70' lang='lat' dir='ltr'><strong>tcompositionest&#39;</strong></span> <span class='ocrx_word' id='word_1_261' title='bbox 910 4437 940 4485; x_wconf 73' lang='lat'><strong>14</strong></span> <span class='ocrx_word' id='word_1_262' title='bbox 957 4435 1076 4485; x_wconf 60' lang='lat' dir='ltr'><strong>Suu-ub*</strong></span> <span class='ocrx_word' id='word_1_263' title='bbox 1137 4436 1168 4484; x_wconf 78' lang='lat'><strong>25</strong></span> <span class='ocrx_word' id='word_1_264' title='bbox 1184 4436 1219 4500; x_wconf 70' lang='lat' dir='ltr'><strong>cf.</strong></span> <span class='ocrx_word' id='word_1_265' title='bbox 1228 4452 1259 4499; x_wconf 70' lang='grc' dir='ltr'><strong>ρ.</strong></span> <span class='ocrx_word' id='word_1_266' title='bbox 1275 4436 1335 4498; x_wconf 85' lang='grc'><em>287,</em></span> <span class='ocrx_word' id='word_1_267' title='bbox 1353 4439 1384 4484; x_wconf 81' lang='grc'><strong>18</strong></span> 
     </span>
    </p>
   </div>
   <div class='ocr_carea' id='block_1_11' title="bbox 0 0 1770 5108">
    <p class='ocr_par' dir='ltr' id='par_1_13' title="bbox 0 0 1770 5108">
     <span class='ocr_line' id='line_1_34' title="bbox 0 0 1770 5108; baseline 0 0"><span class='ocrx_word' id='word_1_268' title='bbox 0 0 1770 5108; x_wconf 95' lang='lat' dir='ltr'><strong> </strong></span> 
     </span>
    </p>
   </div>
  </div>
 </body>
</html>
