3488 5108
553 415 643 459 amm
663 414 876 460 cursicosvn
895 413 1109 460 ARISTOTELIS
1128 412 1324 460 mutantur.
1444 399 1501 456 381

363 571 559 656 humorum,
580 573 641 658 qui
656 571 802 639 subinde
817 571 949 639 virtute
965 570 1077 637 cordis
1096 570 1339 636 diffunduntur
1355 591 1416 656 per
1432 568 1506 634 uni·

364 719 502 763 versum
518 720 641 785 corpus
658 696 755 784 quasi
773 695 931 762 vehiculo
952 695 1101 780 quodam
1120 694 1245 782 spiritu
1264 695 1373 761 vitali.
1393 694 1456 759 Est
1472 699 1506 757 et

364 822 459 889 aliud
473 847 582 909 genus
602 822 801 909 egestionis,
819 821 911 907 quod
930 822 970 887 fit
984 845 1045 910 per
1061 845 1179 888 omnes
1197 827 1313 909 partes
1332 821 1501 908 corporis,

364 972 499 1037 semper
517 949 610 1015 enim
628 950 671 1015 ab
690 950 852 1016 universa
870 949 960 1036 pello
980 947 1112 1034 aliquid
1131 946 1240 1013 effluit
1259 953 1294 1012 et
1313 946 1504 1033 expellitur,

319 1078 340 1142 b
364 1083 399 1141 et
417 1098 459 1141 ex
478 1067 624 1142 intimae
638 1074 825 1161 egestionis
840 1072 986 1140 materia
1000 1073 1198 1140 huiusmodi
1216 1079 1428 1160 generantur
1442 1094 1505 1137 un-

362 1223 447 1287 gues
466 1207 501 1265 et
519 1199 646 1286 capilli.
666 1199 808 1264 Animal
827 1199 938 1285 igitur
956 1198 997 1264 fit
1018 1198 1056 1264 in
1074 1221 1114 1265 ea
1133 1198 1328 1265 exoratione
1349 1220 1435 1283 quae
1454 1203 1506 1262 est

363 1327 512 1393 secunda
531 1325 570 1392 in
589 1326 719 1410 ordine,
735 1348 858 1414 nempe
877 1325 914 1391 in
933 1324 1090 1392 inferiori
1109 1326 1205 1409 alv0,
1226 1322 1505 1411 quandoquidem

363 1476 479 1520 semen
498 1460 532 1518 et
550 1453 709 1519 humores
734 1452 883 1541 proximi
914 1452 1101 1519 secundum
1120 1450 1281 1535 formam,
1306 1457 1346 1517 ut
1369 1472 1508 1518 conver·

363 1585 483 1646 tantur
511 1578 547 1643 in
575 1578 805 1644 substantiam
835 1577 960 1644 nutriti
990 1600 1033 1644 ex
1065 1575 1305 1644 subtilioribus
1331 1576 1504 1663 partibus,

299 1711 342 1774 10
366 1727 453 1792 quae
471 1727 511 1772 ex
531 1704 599 1770 ista
618 1703 839 1770 concoctione
857 1709 1075 1791 separantur,
1096 1701 1284 1785 enascitur3
1305 1701 1393 1767 nihil
1412 1701 1505 1767 enim

363 1830 458 1897 aliud
475 1838 528 1896 est
547 1830 723 1897 concoctio
742 1853 802 1896 seu
821 1829 981 1918 digestio,
1012 1852 1115 1915 quam
1146 1828 1318 1916 separatio
1349 1829 1504 1915 partium

363 1957 544 2023 subtilium
562 1980 582 2021 a
602 1957 839 2041 crassioribus,
860 1979 1006 2044 quarum
1029 1955 1276 2023 subtilissimae
1302 1955 1506 2024 deserviunt

363 2083 458 2170 operi
486 2090 640 2149 naturae.
660 2083 754 2148 Haec
773 2083 815 2148 de
844 2083 964 2149 ordine
993 2103 1061 2169 quo
1091 2081 1220 2147 animal
1247 2081 1289 2147 fit
1315 2090 1395 2170 post
1426 2104 1506 2148 con·

364 2208 566 2292 coctionem,
602 2208 701 2274 iuxta
734 2208 943 2275 sententiani
974 2230 1055 2274 vero
1087 2207 1298 2274 medicorum
1328 2208 1424 2273 aliud
1452 2215 1505 2273 est

299 2335 339 2398 15
362 2333 543 2417 iudicium,
564 2334 677 2419 quiet
700 2334 832 2421 duplici
855 2333 1049 2420 digestione
1071 2340 1153 2399 sunt
1178 2333 1333 2427 contenti
1352 2334 1504 2421 propria,

363 2467 398 2526 et
416 2459 554 2545 quidem
574 2459 721 2525 crassius
740 2461 919 2545 loquentes
937 2458 1067 2525 habent
1090 2457 1236 2545 primam
1264 2458 1301 2522 in
1332 2459 1448 2544 palato
1469 2467 1504 2523 et

362 2587 400 2652 in
418 2610 458 2652 ea
476 2587 697 2669 contritione,
715 2609 803 2672 quae
818 2585 859 2651 fit
871 2585 908 2651 in
925 2607 997 2667 ore,
1015 2585 1076 2670 qui
1090 2584 1181 2649 idem
1197 2607 1275 2649 cum
1291 2582 1368 2649 aliis
1383 2591 1503 2670 postea

362 2733 432 2777 non
447 2712 621 2799 recipiunt
636 2734 712 2777 eam
728 2711 915 2799 spirituum
930 2710 1155 2776 secretionem
1175 2731 1263 2796 quae
1281 2709 1322 2774 fit
1336 2709 1375 2774 in
1393 2710 1504 2794 corde,

361 2836 420 2902 sed
433 2836 547 2903 sedern
563 2839 676 2924 figunt
692 2837 730 2902 in
745 2837 883 2925 hepate,
897 2860 998 2923 quem
1011 2837 1142 2901 sontem
1160 2834 1341 2922 sanguinis
1355 2859 1428 2902 esse
1445 2859 1504 2902 vo·

245 2980 248 2985 ·
295 2966 340 3029 20
361 2963 447 3029 lunt.
465 2963 579 3028 Aliter
594 2962 800 3050 philosophi,
817 2963 878 3048 qui
893 2962 1025 3030 fontem
1039 2961 1218 3049 sanguinis
1231 2962 1353 3028 volunt
1381 2990 1399 3023 s
1426 2989 1444 3025 a
1471 2987 1502 3046 a,

361 3088 468 3176 hepar
491 3111 571 3155 vero
596 3089 703 3154 veluti
723 3110 901 3172 oceanum,
919 3111 1024 3154 venas
1049 3110 1130 3154 vero
1155 3096 1322 3172 tanquam
1341 3087 1498 3170 flumina,
1527 3097 1614 3160 52⁹
1630 3096 1666 3160 Ο

361 3214 545 3300 spirituum
564 3237 645 3281 vero
664 3213 909 3281 sensitivorum
928 3222 964 3280 et
982 3213 1190 3279 motivorum
1210 3234 1335 3277 nervos
1350 3213 1504 3278 subtilis-

361 3339 485 3404 simum
506 3339 678 3426 quoddam
697 3362 820 3426 corpus
839 3362 900 3426 per
919 3361 1042 3405 nervos
1061 3338 1238 3419 diffusum,
1255 3339 1347 3424 quod
1364 3339 1502 3423 quidem

361 3464 551 3529 necessario
572 3488 590 3530 e
609 3465 720 3531 cordis
740 3464 851 3531 calore
870 3471 904 3529 et
920 3464 995 3530 vita
1011 3464 1233 3546 diffunditur3
1251 3463 1292 3529 de
1309 3464 1503 3551 digestione

295 3598 337 3663 25
360 3611 440 3654 vero
461 3589 662 3675 universali,
684 3615 751 3678 qua
775 3614 792 3655 e
817 3597 890 3656 toto
915 3612 1055 3677 corpore
1075 3590 1208 3674 aliquid
1227 3590 1353 3672 effluit,
1375 3608 1502 3656 temere

361 3713 524 3781 videntur
543 3740 613 3782 uon
632 3724 807 3799 tractasse,
828 3716 985 3802 quamvis
1005 3715 1210 3780 excusabilis
1224 3716 1270 3781 sit
1287 3717 1504 3802 praetermis-

361 3840 411 3906 sio
431 3841 503 3907 eius
525 3864 610 3927 quae
627 3841 661 3906 in
683 3842 800 3928 corde,
821 3865 899 3908 cum
922 3864 992 3907 non
1016 3842 1062 3907 sit
1087 3863 1194 3926 usque
1217 3840 1301 3906 adeo
1318 3843 1501 3907 sensibilis.

450 4033 731 4039 —.-.-—.—--...-
743 4033 1001 4040 ----—.—..--

455 4145 485 4194 10
495 4145 575 4208 sorae
589 4150 767 4195 enascuntur
831 4145 861 4194 12
876 4143 1037 4211 subtilium]
1049 4144 1259 4195 subtiliorum?
1321 4149 1353 4197 16
1360 4148 1387 4210 f.
1402 4153 1431 4197 ot
1443 4149 1504 4212 qui·

361 4225 448 4273 darn?
512 4226 653 4276 l‘lssdem
672 4227 779 4276 Stolzlc:
798 4227 897 4290 pedem
919 4231 940 4277 (Ι
1002 4229 1100 4275 local
1123 4229 1357 4293 opatecopart'
1417 4227 1504 4278 20in-

361 4305 493 4356 diclriamo
507 4324 563 4357 aaa
576 4306 690 4364 lacuna,
704 4323 755 4368 prr
768 4323 801 4356 es.
822 4308 925 4356 volunt
939 4315 1014 4366 (esse
1029 4315 1090 4365 cor>
1153 4309 1193 4360 ⁶22.
1202 4309 1234 4357 23
1250 4308 1287 4358 sic
1301 4308 1328 4358 Ε
