3488 5108
285 398 345 455 360
727 408 869 452 mnsam
889 407 991 454 aavm

284 567 393 635 veluti
411 565 577 653 quaedam
591 564 717 648 media,
732 586 820 649 quae
832 564 1043 650 proveniunt
1058 570 1093 630 et
1109 564 1253 651 capiunt
1269 585 1431 650 augmen-

283 700 358 759 tum
382 699 417 757 et
440 691 695 757 decrementum
720 690 817 756 iuxta
843 690 1035 757 dominium
1059 713 1119 757 seu
1142 689 1326 756 victoriam
1349 689 1431 755 hinc

284 819 423 905 quidem
452 816 598 903 frigidi,
626 817 725 883 illinc
754 839 836 883 vero
868 816 980 884 calidi.
1013 817 1110 896 Quae
1137 818 1231 883 enim
1262 816 1430 903 frigidum

283 945 415 1009 exiccat
445 950 480 1008 et
513 942 692 1029 inspissat,
726 942 875 1009 calidum
912 944 1090 1009 humectat
1119 952 1155 1010 et
1183 942 1365 1024 rorefecit;
1395 948 1430 1007 et

239 1072 260 1136 5
283 1077 441 1136 econtra
470 1091 559 1154 quae
590 1068 737 1133 victoria
765 1068 869 1134 calidi
899 1068 1143 1135 humectantur
1167 1075 1202 1134 et
1224 1090 1301 1134 rare
1320 1067 1430 1151 fiunt,

282 1195 428 1260 victoria
447 1192 570 1280 frigidi
590 1192 803 1258 contrarium
821 1194 1015 1279 patiuntur.

373 1340 406 1378 ιτ.
427 1321 475 1385 Et
504 1320 542 1385 in
571 1319 637 1385 hoo
665 1320 767 1385 modo
797 1321 949 1407 ponendi
983 1320 1147 1408 explicite
1174 1321 1230 1385 vel
1260 1318 1430 1407 implicita

283 1446 496 1512 conveniunt
512 1467 630 1511 omnes
645 1445 858 1533 philosophi,
874 1446 934 1531 qui
950 1445 1017 1511 duo
1037 1446 1211 1513 contraria
1224 1451 1260 1510 et
1275 1453 1443 1511 extrema.

283 1593 417 1658 semper
434 1593 495 1657 per
513 1570 631 1656 aliqua
658 1570 771 1635 media
791 1576 1002 1637 connectunt
1020 1577 1055 1636 et
1074 1570 1260 1637 convenire
1279 1569 1426 1654 faciunt,

219 1706 262 1768 10
284 1695 357 1761 sive
377 1696 436 1782 qui
452 1718 569 1778 unum,
589 1696 662 1761 sive
682 1695 744 1782 qui
759 1695 839 1778 duo,
858 1694 931 1761 sive
948 1696 1008 1781 qui
1027 1695 1109 1780 tria,
1132 1695 1136 1783 l
1158 1695 1231 1761 sive
1250 1695 1307 1780 qui
1331 1701 1429 1780 quat·
1453 1696 1604 1761 63OE

283 1828 362 1886 tuor
379 1828 513 1908 ponant
531 1820 705 1907 principia
720 1819 923 1886 materialia.

372 1965 406 2003 2⁰.
426 1945 610 2011 Praeterea
651 1951 703 2010 est
739 1944 1099 2031 animadvertendum,
1138 1943 1428 2031 quemadmodum
1451 1949 1543 2012 44»
1558 1946 1596 2011 Ο

283 2069 385 2155 ignis
397 2077 456 2136 aer
468 2075 531 2135 etc.
545 2068 582 2134 in
595 2091 656 2134 sua
674 2069 900 2156 simplicitate
914 2092 982 2136 non
1000 2070 1212 2159 perveniunt
1228 2069 1272 2136 ad
1291 2076 1429 2135 nostros

284 2215 421 2277 sensus;
443 2193 536 2279 quod
567 2194 660 2259 enirn
688 2193 857 2280 videmus,
882 2217 953 2261 non
980 2204 1032 2261 est
1055 2194 1148 2282 ignis
1178 2195 1238 2261 sed
1271 2194 1427 2282 igneum,

219 2333 263 2398 15
286 2343 356 2386 non
375 2342 464 2406 aqua
485 2319 544 2384 sed
563 2342 727 2406 aqueum,
747 2341 817 2385 non
837 2329 895 2387 aer
914 2321 973 2387 sed
993 2330 1131 2387 aereum
1155 2330 1218 2388 etc.
1232 2337 1285 2391 (ἢ.)
1297 2319 1351 2384 Ex
1374 2318 1429 2384 his

284 2456 402 2514 tamen
421 2447 608 2514 sinceriora
628 2457 709 2511 sunt
727 2454 894 2532 extrema,
914 2470 1038 2536 nempe
1054 2449 1146 2535 ignis
1162 2455 1197 2514 et
1213 2457 1319 2531 terra,
1336 2454 1429 2512 terra

284 2574 424 2661 quidem
443 2574 541 2639 iuxta
559 2580 676 2660 partes
695 2573 921 2661 proximiores
941 2582 1075 2657 centm,
1094 2576 1184 2640 siout
1199 2574 1292 2660 ignis
1307 2572 1428 2660 purior

286 2708 398 2767 estex
419 2699 613 2783 elementis,
634 2699 716 2783 quia
735 2721 922 2766 concavum
944 2700 1037 2766 orbis
1059 2701 1162 2766 lunae
1182 2698 1375 2784 contingit,
1392 2696 1430 2761 in

285 2831 384 2910 parte
415 2824 508 2889 enim
537 2824 704 2910 contigua
724 2846 801 2889 cum
829 2832 907 2889 atre
927 2826 998 2890 aeri
1029 2825 1253 2907 assimilatur,
1286 2824 1376 2889 sicut
1394 2827 1430 2886 et

217 2955 262 3017 ‘20
285 2952 401 3017 omnia
434 2953 606 3016 clementa
640 2950 869 3016 similitudino
905 2952 1054 3037 quadam
1089 2951 1355 3032 devinciuntur,
1390 2954 1431 3013 ut

284 3080 414 3145 sensim
436 3087 494 3144 aer
517 3100 636 3144 versus
660 3100 785 3163 aquam
809 3079 846 3142 iu
867 3101 976 3164 aquae
995 3079 1143 3166 speciem
1163 3083 1375 3161 concrescat,
1396 3084 1431 3141 et

283 3215 377 3271 terra
396 3228 515 3270 versus
534 3227 660 3289 aquam
679 3206 829 3288 udesoat,
851 3212 885 3270 ot
905 3213 964 3270 aer
983 3227 1101 3270 versus
1118 3205 1235 3290 ignom
1252 3203 1362 3288 magis
1381 3208 1431 3266 at·

285 3357 351 3419 que
370 3334 481 3420 magis
513 3341 665 3399 rarescat
684 3341 718 3399 et
738 3332 947 3398 subtilietur.
980 3333 1059 3398 Nou
1079 3332 1171 3397 enim
1190 3332 1293 3397 datur
1314 3330 1429 3396 aditus

284 3460 327 3525 ad
347 3466 500 3524 extrema
528 3459 596 3523 uisi
615 3482 677 3545 per
704 3458 838 3543 media,
870 3467 904 3524 et
923 3457 1104 3523 dissimilia
1124 3480 1194 3522 non
1214 3465 1339 3522 coeunt
1358 3455 1427 3520 nisi

217 3595 260 3656 25
285 3609 347 3674 per
366 3584 539 3671 symbola,
565 3584 656 3669 quod
675 3592 715 3648 ut-
745 3584 786 3648 fit
804 3584 841 3648 in
861 3591 997 3665 natura,
1028 3583 1078 3647 ita
1109 3582 1214 3648 etiam
1234 3581 1361 3647 accidit
1389 3581 1427 3645 iu

284 3711 445 3778 omnibus
464 3710 631 3796 regulatis
650 3716 684 3774 et
703 3710 791 3775 bene
810 3709 987 3796 dispositis
1004 3708 1234 3791 concursibus,
1254 3706 1428 3771 mixtioni-

286 3837 348 3902 bus
368 3842 403 3900 et
423 3835 613 3902 ordinibus.

373 3982 406 4019 21.
428 3961 484 4026 Ad
505 3961 590 4027 haec
609 3968 660 4026 est
683 3960 1041 4045 animadvertendum,
1069 3958 1223 4024 accidere
1238 3957 1315 4044 igni
1334 3978 1427 4021 exar-

285 4088 432 4172 sionem,
464 4086 603 4171 quando
634 4085 828 4151 intenditur
856 4085 929 4151 eius
948 4086 1059 4150 virtus
1088 4093 1230 4172 propter
1250 4083 1321 4147 vim
1345 4103 1427 4146 con-

220 4215 264 4277 30
288 4212 403 4294 trurii,
425 4234 534 4297 aquae
551 4233 632 4276 vero
650 4211 924 4297 congelationem
942 4210 1059 4275 eadem
1075 4211 1218 4275 rationo.
1239 4207 1320 4272 Ideo
1335 4206 1427 4292 ignis

295 4384 663 4391 ——.-——--.—--—
900 4383 1184 4389 ——--.-—.——-—.
1211 4382 1289 4387 ...-
1317 4379 1423 4386 -..αι-η

379 4482 393 4531 7
410 4480 479 4546 dopo
494 4480 515 4530 r'l
525 4495 634 4530 muniere
648 4481 687 4533 17.
702 4477 865 4547 aquiescere
879 4493 971 4545 usque
985 4479 1020 4531 ad
1031 4479 1062 4530 24
1074 4479 1108 4528 B¹
1155 4479 1187 4529 26
1204 4477 1388 4528 mistionibus
1403 4476 1430 4527 E
