3488 5108
860 389 1000 434 resolui
1022 389 1124 434 anul

652 728 726 803 DE
757 727 976 805 S'rATVA
1003 724 1332 801 PROMETHEI.

510 1040 718 1106 Sumebatur
732 1039 945 1127 principium
962 1039 1059 1103 iuxta
1071 1036 1241 1103 rationem
1253 1038 1564 1127 generalissimam,

421 1166 624 1252 quaomnia
643 1187 842 1232 caussarum
860 1187 988 1251 genera
1008 1162 1248 1250 complectitur
1266 1170 1301 1227 et
1317 1164 1464 1249 excedit,
1484 1190 1569 1253 que-

420 1299 521 1358 tenus
540 1292 584 1357 ad
608 1291 709 1379 plura
728 1314 789 1356 sua
817 1290 1072 1377 significatione
1091 1288 1308 1371 extemlitur;
1336 1312 1432 1356 nunc
1451 1315 1567 1359 conso-

376 1424 398 1487 ὃ
422 1423 567 1504 quenter
586 1415 754 1504 quaedam
770 1415 935 1503 principii
960 1415 1113 1481 membra
1132 1415 1317 1502 praecipua
1341 1415 1568 1485 subdividan-

421 1550 488 1609 tur.
507 1543 662 1609 Primum
688 1550 804 1608 autem
828 1540 1040 1628 principium
1064 1541 1155 1625 quod
1179 1548 1231 1605 est
1260 1563 1380 1607 caussa
1399 1542 1564 1629 efficiens,

421 1668 513 1755 qued
534 1668 670 1754 quidem
689 1690 752 1755 per
770 1664 1014 1732 Prometheum
1031 1665 1188 1751 opificem
1208 1666 1438 1753 significatur,
1457 1668 1566 1736 habet

421 1793 531 1881 igitur
550 1802 588 1858 ut
600 1799 796 1879 praesentet
812 1791 959 1877 triginta
975 1790 1099 1875 agendi
1113 1789 1275 1874 rationes,
1290 1792 1416 1875 quibus
1431 1792 1566 1879 aliquid

423 1918 559 2004 agentis
578 1917 813 1983 definitionem
833 1922 868 1979 et
886 1937 1011 1980 nomen
1032 1914 1156 1980 mereri
1175 1916 1363 1981 consuevit.

361 2047 403 2111 10
515 2045 541 2109 Ι.
565 2044 679 2130 Igitur
704 2042 919 2130 praecipiens
948 2049 983 2106 et
1013 2048 1113 2107 autor
1143 2064 1205 2128 per
1230 2041 1339 2128 ipsius
1366 2043 1566 2111 Promethei

424 2191 607 2256 personam
625 2168 831 2235 effectricem
851 2168 1074 2251 significetur.

512 2295 558 2361 Π.
583 2293 813 2378 Architeet-or,
838 2292 1037 2379 designator
1056 2298 1090 2357 et
1113 2292 1287 2359 Daedalus
1311 2294 1348 2358 in
1367 2294 1566 2361 Promethei

422 2421 550 2487 artium
569 2420 770 2486 inventione
790 2425 824 2485 et
842 2418 1000 2484 technica
1020 2417 1193 2483 industria
1212 2418 1420 2504 designetur.

510 2546 574 2610 ΠΙ.
598 2545 768 2627 Minister,
789 2544 951 2626 famulus,
977 2543 1126 2628 satelles,
1150 2566 1211 2628 per
1236 2543 1372 2631 opificio
1391 2545 1485 2612 illius
1506 2546 1563 2613 ad·

357 2671 399 2735 15
422 2672 583 2738 sistentes
602 2671 778 2737 ministros
798 2670 1020 2757 significetur.

509 2797 569 2861 IV.
594 2796 765 2861 Patronus
779 2803 814 2860 et
828 2795 959 2879 negotii
977 2795 1135 2860 ‹let'eusor
1147 2817 1208 2881 per
1222 2793 1338 2861 Iovem
1353 2802 1490 2883 patrem
1505 2797 1562 2864 illi

421 2923 616 2988 adstantem
637 2928 805 2986 notemus.

508 3048 549 3111 V.
574 3046 884 3130 Fahrefacientem,
904 3053 1143 3132 exriquentem,
1168 3046 1376 3113 formantem
1399 3072 1460 3135 per
1480 3050 1564 3115 Pro-

421 3173 595 3239 metheum
614 3196 656 3238 ex
674 3173 756 3238 limo
775 3173 928 3237 homines
947 3174 1154 3257 figurantem
1174 3179 1208 3236 et
1232 3172 1447 3260 effigiautem
1471 3182 1505 3240 ot
1523 3176 1562 3242 in

355 3304 400 3367 20
421 3305 538 3364 actum
556 3306 813 3386 promoventem
833 3296 1075 3384 significamus.

510 3423 569 3488 VI.
593 3423 831 3488 Perficienteru
854 3430 889 3487 et
911 3423 972 3487 fini
992 3424 1210 3509 copulantem
1233 3445 1295 3509 per
1314 3424 1560 3492 Prometheum

422 3549 596 3614 hominem
620 3549 805 3613 formatum
832 3548 919 3631 luce,
948 3549 1127 3636 splendore
1152 3550 1323 3635 igneaque
1351 3550 1389 3616 vi
1414 3551 1560 3638 spiritus

422 3674 654 3740 illustrantem
673 3674 913 3759 significamus.

511 3799 587 3864 VII.
622 3799 835 3885 Principium
864 3800 1065 3882 illectivum,
1095 3802 1369 3887 provocat-irum,
1402 3803 1562 3868 attracti-

356 3935 400 3999 25
424 3949 506 3992 ium
525 3947 587 4012 per
605 3924 871 4011 pulcritudinem
897 3926 1065 3991 humanae.
1091 3927 1217 4014 speciei
1245 3927 1298 3992 illi
1321 3927 1494 3994 obiectam
1517 3928 1561 3994 si·

422 4052 636 4138 gnificamus

516 4322 530 4369 l
548 4335 699 4369 rurounruer
712 4328 810 4378 (causa
823 4334 990 4381 tirslcffixrrz)
1003 4325 1034 4373 ill
1095 4327 1110 4375 o
1126 4320 1321 4395 PrirnurulTA
1385 4332 1402 4381 8
1418 4331 1511 4396 igitur
1524 4333 1562 4383 du

424 4453 597 4503 cancellare?
644 4456 675 4504 10
692 4454 794 4517 Igitur]
808 4456 907 4519 figitur
919 4458 940 4506 al
958 4476 972 4507 o
988 4459 1092 4523 ligitur
1140 4420 1347 4527 allegoriis:
1363 4467 1474 4531 negotii
1487 4473 1517 4519 ot
1528 4468 1561 4521 M
