3488 5108
848 403 893 449 nn
912 404 1028 450 niem.
1442 391 1502 454 403

360 561 521 626 tenebrae
539 582 618 626 vero
637 560 763 628 nedum
782 582 851 626 nou
868 562 1163 650 comprehendunt
1178 586 1289 648 neque
1307 573 1497 651 exuperant

359 708 470 771 neque
489 692 683 770 exaequant
700 685 825 772 lucem,
845 686 902 752 sed
927 687 1013 753 mire
1031 686 1197 752 deficiunt
1226 687 1270 752 ab
1301 688 1395 755 illiue
1423 711 1502 776 pro·

360 812 528 898 portione.

448 957 490 1009 (u.
505 958 541 1010 v.)
567 939 670 1005 quta
687 946 757 1004 tres
775 938 970 1026 praedictos
994 938 1128 1026 magiae
1145 939 1273 1026 gradus
1292 948 1362 1007 tres
1383 941 1504 1008 mundi

315 1064 336 1128 5
360 1064 621 1151 intelliguntur:
642 1066 864 1152 archetypus,
883 1064 1047 1152 physicus
1066 1072 1101 1129 et
1117 1065 1307 1132 rationulis.
1327 1067 1371 1132 Iu
1389 1067 1503 1134 arche·

360 1196 444 1277 typo
464 1198 515 1255 est
534 1190 689 1256 amicitia
719 1196 753 1255 et
780 1190 839 1273 lis,
857 1190 895 1256 iu
912 1189 1057 1277 physico
1079 1188 1173 1276 ignis
1197 1196 1232 1255 et
1250 1212 1358 1277 aque,
1377 1192 1416 1258 iu
1435 1215 1505 1259 ma·

360 1314 547 1381 thematico
566 1316 627 1381 lux
645 1324 680 1382 et
698 1316 870 1381 tenebrae.
890 1315 968 1380 Lux
990 1321 1027 1380 et
1048 1315 1209 1380 tenebrae
1228 1315 1441 1383 descendunt
1460 1318 1504 1384 ab

361 1439 442 1526 igne
460 1446 495 1505 et
514 1464 620 1527 aqua,
640 1441 732 1527 ignis
752 1449 786 1505 et
806 1464 896 1526 aqua
914 1462 934 1505 a
955 1439 1136 1506 concordia
1164 1446 1200 1506 et
1229 1440 1415 1525 discordia3
1439 1443 1506 1510 ita·

361 1587 427 1651 que
456 1567 588 1652 primus
619 1565 767 1633 mundus
798 1565 959 1653 producit
987 1565 1133 1631 tertium
1162 1588 1223 1653 per
1255 1566 1453 1651 secundum,
1472 1574 1507 1633 et

295 1698 339 1762 10
361 1691 485 1757 tertius
503 1715 565 1779 per
585 1693 773 1759 secundum
792 1691 982 1757 reflectitur
1000 1692 1044 1758 ad
1067 1692 1228 1780 primum.
1248 1694 1506 1762 Praetermissis

360 1818 445 1904 istie,
463 1842 551 1904 quae
563 1818 607 1885 ed
621 1842 705 1903 eam,
719 1840 806 1904 quae
819 1818 1059 1904 superstitiosa
1077 1819 1233 1905 habetur,
1247 1821 1399 1908 magiam
1410 1820 1506 1909 prin·

362 1950 452 2038 cipia
469 1957 640 2038 spectant,
654 1972 754 2036 quae,
769 1949 1023 2036 qualiacunque
1035 1949 1116 2034 sint,
1134 1949 1280 2037 indigna
1293 1960 1375 2018 sunt
1390 1952 1506 2040 vulg0‚

361 2074 404 2139 arl
423 2096 540 2141 eorum
560 2082 697 2141 tantum
717 2074 1045 2162 contemplationem
1069 2083 1325 2161 convertemur,
1350 2099 1438 2163 quae
1462 2077 1506 2144 ad

361 2201 551 2288 sapientiae
570 2201 850 2288 supplementum
874 2200 1085 2285 conducunt,
1116 2207 1151 2266 et
1179 2201 1381 2269 melioribus
1408 2203 1507 2290 inge-

297 2331 338 2396 15
361 2327 429 2392 niis
448 2328 600 2394 sufficere
619 2336 781 2415 possunt3
802 2327 940 2393 tametsi
960 2327 1094 2393 nullum
1118 2327 1253 2415 magiae
1277 2351 1387 2415 genus
1413 2332 1505 2394 noti·

362 2452 414 2518 cia
431 2461 465 2519 et
481 2453 679 2539 cognitione
696 2454 741 2519 sit
762 2453 957 2539 iudignum,
976 2451 1255 2540 quandoquidem
1271 2454 1383 2520 omnis
1400 2453 1506 2520 scien·

362 2578 412 2643 tia
424 2587 476 2642 est
488 2578 529 2643 ile
539 2602 665 2665 genere
677 2579 856 2663 bonorum,
868 2578 957 2644 sicut
969 2577 1054 2642 ‹lieit
1065 2577 1269 2644 Aristoteles
1281 2579 1319 2644 in
1328 2579 1505 2666 prooemio

363 2703 419 2768 De
454 2703 601 2787 anima,
632 2704 687 2768 cui
711 2704 860 2770 Thomas
881 2726 958 2769 cum
977 2702 1055 2768 aliis
1085 2704 1196 2790 magis
1224 2703 1503 2791 contemplativis

361 2827 530 2912 theologie
554 2828 779 2917 astipulatur,
807 2828 918 2894 omnis
946 2835 1062 2894 tamen
1090 2851 1110 2894 a
1139 2829 1286 2916 profano
1306 2837 1340 2894 et
1359 2830 1504 2896 scelesto

295 2956 339 3020 20
362 2953 465 3038 vulgo
495 2960 529 3018 et
556 2954 778 3019 multitudine
797 2953 918 3040 procul
941 2953 1015 3018 fieri
1046 2960 1194 3041 oportet,
1226 2954 1505 3041 quandoquidem

362 3078 450 3143 nihil
466 3078 517 3143 ite
535 3080 665 3145 bouum
680 3087 743 3162 est,
763 3079 854 3165 quod
870 3102 931 3166 per
950 3078 1096 3166 impium
1115 3088 1150 3145 et
1168 3080 1374 3168 sacrilegum
1391 3088 1426 3146 et
1442 3103 1504 3167 per

488 3306 570 3344 nedum
1137 3308 1296 3357 intelliguntur

456 3357 596 3406 l.v.non
618 3356 650 3405 M
727 3357 1035 3423 compraehendentt’
1101 3359 1334 3421 eimagmantur
1358 3360 1412 3424 (ma
1440 3359 1507 3410 ima·

361 3436 500 3499 girantur
523 3436 678 3500 cancellato)
705 3437 737 3486 Μ
812 3439 865 3488 6.7
891 3439 961 3504 dopo
985 3440 1187 3490 mathematico
1210 3440 1330 3489 cancella
1355 3440 1455 3490 tcuebr
1476 3439 1508 3490 M

361 3519 442 3580 quq.
461 3517 587 3568 Mundus
604 3518 825 3569 mathematicus
843 3533 894 3570 seu
913 3521 1023 3584 logicus
1040 3535 1092 3570 eeu
1108 3521 1260 3571 rationalia
1282 3535 1333 3585 per
1353 3521 1506 3585 physicum

362 3597 466 3662 migret
482 3599 509 3648 in
524 3599 661 3648 mundum
679 3599 881 3663 archetypum,
897 3608 959 3650 tum
976 3600 1232 3667 contemplatione,
1248 3607 1311 3652 tum
1326 3602 1509 3666 operatione,

362 3686 396 3727 ut
410 3681 495 3729 etium
508 3681 580 3729 bene
593 3679 708 3744 quidam
724 3681 876 3741 theologus
890 3681 962 3730 dicit
973 3682 1065 3746 (Rom.
1080 3681 1105 3741 I)
1122 3682 1188 3731 ....is
1203 3680 1246 3731 hie
1258 3680 1352 3731 verbis
1363 3680 1508 3732 ‘invisibi-

363 3761 402 3810 lia
415 3761 467 3810 Dei
481 3776 498 3809 a
511 3767 644 3810 creatura
661 3759 781 3821 mundi',
798 3767 828 3820 -ζ-
842 3759 906 3824 (ciet
920 3762 973 3810 hoc
986 3767 1040 3825 eet)
1055 3762 1090 3812 ab
1104 3761 1218 3812 homine
1236 3776 1287 3812 seu
1302 3762 1406 3812 mundo
1421 3765 1507 3814 ratio·

363 3840 435 3901 nali,
451 3842 515 3905 'per
532 3854 565 3888 ea
582 3856 654 3905 quae
672 3841 749 3890 lacta
767 3844 859 3901 sunt,
878 3847 908 3900 -ζ-
925 3856 975 3906 per
992 3843 1127 3892 mundum
1147 3843 1313 3907 physicum,
1329 3842 1507 3907 ‘intellecta,

364 3921 604 3986 conspiciuntur’.
620 3921 693 3971 Item
708 3921 782 3971 elius
796 3922 830 3987 (t)
846 3922 1010 3985 'theologus
1029 3923 1119 3988 (loen.
1136 3923 1161 3987 I)
1179 3923 1213 3973 de
1228 3923 1316 3973 verbo
1330 3924 1452 3988 loquens
1468 3925 1509 3975 di·

363 4003 403 4053 cit
417 4004 460 4051 'in
474 4001 579 4051 mundo
595 4007 680 4064 erat,
695 4009 723 4063 ÷
736 4004 905 4066 archetypo,
920 4006 965 4053 'et
980 4004 1103 4055 muudus
1116 4004 1271 4069 peripsum
1285 4004 1381 4055 fectus
1395 4010 1462 4066 etv,
1477 4013 1508 4066 -ζ-

363 4083 512 4148 physicus,
539 4088 587 4132 'et
607 4083 731 4132 mundus
757 4100 821 4133 eum
849 4098 907 4134 non
932 4085 1092 4146 cognovit'‚
1112 4091 1143 4145 ÷
1166 4083 1278 4146 logicus
1299 4085 1329 4135 lu
1350 4100 1436 4149 nrarp.
1459 4084 1492 4134 Μ
1499 4103 1506 4136 :

362 4166 443 4214 Rom.
454 4165 477 4216 1.
489 4164 652 4214 Invisibilia
664 4165 716 4213 Dei
728 4180 745 4213 a
758 4170 890 4215 creature
903 4166 1002 4214 mundi
1015 4173 1069 4215 etc.
1086 4167 1165 4216 loun.
1175 4167 1198 4216 Ι.
1210 4166 1244 4215 In
1257 4166 1363 4216 mundo
1376 4173 1438 4216 erat
1450 4172 1504 4216 etc.

361 4243 390 4294 in
412 4247 542 4310 rampo
604 4249 633 4295 11
652 4244 789 4310 magico
850 4246 880 4294 1⁴2
897 4247 956 4295 sint
976 4246 1019 4295 M:
1042 4247 1157 4299 sunto
1220 4247 1250 4297 13
1266 4248 1508 4299 conversemurtl

363 4328 393 4376 17
410 4327 537 4390 proemio
553 4326 605 4377 CM
667 4327 949 4391 19theologiaom.0
1010 4328 1237 4393 adstipuleturO
1292 4328 1504 4392 sorecomnem‚

361 4425 405 4456 ma
418 4409 453 4470 cs.
468 4407 505 4457 ud
518 4425 552 4458 cr.
568 4425 597 4471 p.
617 4410 678 4467 369,
695 4411 724 4457 15
741 4425 778 4471 iq.
846 4408 991 4474 prophano
1013 4407 1065 4460 OM
1125 4408 1156 4457 21
1174 4408 1250 4475 quod
1271 4407 1333 4461 OM:
1354 4408 1372 4458 l.
1390 4408 1461 4474 quin
1478 4410 1506 4474 (o

356 4490 433 4552 sorae
442 4489 493 4553 pili
504 4489 711 4553 protabilmcntc
724 4499 808 4548 (non)
822 4495 1010 4541 convertatur
1024 4508 1041 4538 a
1054 4508 1081 4554 p.
1096 4491 1161 4548 404,
1178 4492 1207 4556 2)
