3488 5108
759 402 920 448 nunionis
943 403 1117 449 evomens.
1452 391 1507 450 581

366 556 535 621 naturalis
558 557 613 641 24,
638 558 806 625 distantes
826 561 1027 646 aequaliter,
1048 530 1245 650 incipiendo
1266 587 1286 628 a
1311 563 1453 628 meridie
1477 569 1512 628 et

367 684 583 751 terminando
599 687 643 752 ad
659 686 849 772 meridiem,
863 696 898 754 et
912 695 1079 756 notantur
1095 690 1130 755 in
1146 689 1265 757 eodem
1285 690 1412 757 circulo
1427 699 1513 757 tem-

366 833 449 897 pora
474 835 532 878 seu
561 813 746 880 intervalla
768 815 838 881 diei
861 823 896 881 et
918 824 1048 904 puncta
1078 816 1357 902 intervallorum,
1380 819 1510 903 orions,

366 940 542 1025 meridies,
562 943 733 1029 occidens,
754 946 953 1033 septentrio,

321 1146 341 1207 5
461 1152 581 1212 Lollius
602 1152 682 1213 hono
703 1160 870 1214 extremum
898 1153 1043 1214 circulum
1066 1153 1222 1230 intelligat
1246 1163 1368 1233 oportet
1396 1155 1509 1232 praeci-

367 1279 459 1337 puum
486 1259 517 1318 in
544 1260 603 1318 hoc
630 1261 768 1337 negotio,
796 1260 1057 1343 quandoquidem,
1078 1262 1175 1321 veluti
1201 1281 1257 1321 nos
1284 1262 1458 1322 notavimus
1479 1263 1509 1321 in

366 1376 498 1429 tractatu
525 1368 576 1428 De
606 1369 724 1444 magia
753 1370 834 1429 circe
861 1368 971 1445 finem,
1002 1369 1068 1428 dies
1096 1389 1150 1428 seu
1181 1388 1277 1428 annus
1307 1370 1510 1431 revolutionis

366 1474 492 1533 diurnae
510 1475 761 1552 proportionetur
774 1495 852 1535 anno
867 1474 1069 1535 revolutionis
1085 1475 1206 1535 solaris,
1225 1475 1359 1536 Subinde
1377 1476 1511 1536 animad-

365 1579 546 1641 vertendum
564 1580 645 1657 quod
663 1580 950 1642 convenientissime
966 1581 1115 1659 praecipit
1133 1580 1214 1642 diem
1229 1582 1386 1643 exordium
1399 1604 1509 1661 capere

301 1690 343 1753 10
366 1687 540 1762 ameridie,
560 1686 808 1764 quandoquidem
828 1688 911 1747 lines
932 1687 1101 1747 horizontis
1122 1696 1249 1766 propter
1269 1688 1352 1748 mille
1373 1688 1509 1749 rationes

325 1850 329 1859 .
366 1807 414 1856 est
433 1797 551 1856 occulta
567 1797 617 1857 vel
636 1797 815 1857 difficillima
828 1806 1037 1876 perpetuoque
1056 1797 1188 1872 ineerta,
1206 1805 1331 1874 propter
1344 1797 1510 1873 inaequali-

364 1910 460 1962 tatem
478 1903 651 1981 superficiei
666 1904 839 1978 terrestris,
858 1904 933 1964 item
950 1905 1020 1981 quia
1042 1904 1174 1979 instans,
1193 1901 1273 1977 quod
1291 1913 1429 1963 centrum
1447 1923 1509 1962 cor-

365 2012 449 2088 poris
469 2012 570 2086 tangit
591 2031 657 2070 eam
680 2012 803 2087 lineam,
822 2031 881 2070 non
910 2013 1001 2072 facile
1030 2022 1078 2071 est
1105 2011 1278 2090 definibile‚
1306 2013 1507 2073 umbravere

364 2117 514 2192 meridiei,
540 2128 574 2177 nt
601 2118 694 2195 vulgo
718 2120 850 2196 eapitur,
874 2139 891 2177 a
918 2131 1030 2199 puncto
1057 2119 1275 2197 praeveniente
1297 2118 1454 2178 meridiem
1477 2131 1508 2177 et

300 2226 341 2289 lb
365 2224 462 2284 altero
480 2223 676 2296 succedente,
695 2235 744 2284 est
761 2225 897 2285 exactior
918 2233 950 2285 et
970 2223 1092 2285 certior.
1115 2224 1351 2285 Exactissimam
1372 2244 1446 2285 vero
1464 2246 1508 2284 ra·

365 2333 478 2393 tionem
495 2333 655 2393 meridiani
666 2333 842 2394 inveniendi
856 2335 910 2394 illa
924 2379 1060 2395 ..........
1076 2342 1218 2410 tanquam
1232 2353 1293 2393 non
1308 2333 1347 2393 ad
1361 2332 1507 2394 amussim

365 2449 428 2500 tum
445 2440 603 2518 physicam
622 2452 685 2500 tum
703 2443 934 2518 geometricam,
949 2440 1005 2501 sed
1019 2462 1123 2501 crasso
1142 2440 1232 2502 modo
1248 2448 1404 2519 acceptam
1421 2441 1508 2500 insti-

364 2548 477 2607 tuimus
495 2547 592 2607 oculis
610 2549 729 2608 aversis
745 2548 903 2610 ameridie
919 2558 951 2610 et
965 2549 1123 2609 conversis
1141 2548 1179 2608 ad
1198 2548 1301 2626 polum
1317 2549 1347 2608 in
1361 2567 1415 2608 suo
1430 2547 1507 2624 loco,

365 2675 473 2734 nempe
489 2655 521 2715 in
539 2665 669 2731 quatuor
685 2665 791 2736 partes
805 2656 905 2716 diviso
923 2656 1037 2716 circulo
1055 2656 1219 2716 cuiuslibet
1233 2656 1343 2716 stellae
1359 2663 1507 2734 perpetuo

296 2769 341 2831 ‘20
363 2766 553 2841 apparentis,
569 2764 693 2824 sublimi
703 2765 824 2840 imoque
840 2766 960 2843 punctis
974 2765 1101 2836 notatis,
1118 2773 1149 2825 et
1163 2763 1409 2842 perpendiculari
1427 2764 1508 2823 linea

363 2892 455 2948 super
472 2871 641 2931 horizontis
658 2873 749 2951 plano
768 2872 911 2933 demissa.

753 3104 1023 3171 OAPITVLVM
1048 3106 1112 3171 III.
1530 3120 1620 3182 58v

451 3338 470 3414 ξ
494 3332 519 3396 Ι.
541 3332 609 3398 Ubi
630 3331 742 3418 figura
761 3339 959 3398 constructe
977 3331 1096 3417 fuerit,
1116 3333 1153 3398 in
1173 3333 1348 3400 distinctis
1364 3334 1437 3400 eius
1455 3358 1506 3399 re·

360 3459 523 3544 gionibos
552 3482 673 3525 causae
702 3459 916 3525 infirmitatis
942 3466 976 3524 et
999 3460 1161 3525 sanitatis
1191 3484 1230 3526 eo
1260 3462 1321 3547 qni
1350 3464 1506 3547 sequitur
1567 3519 1571 3528 .

293 3588 336 3650 25
360 3585 460 3650 modo
490 3593 571 3650 sunt
600 3584 884 3671 investigandam
909 3585 947 3650 in
975 3584 1050 3672 ipso
1082 3586 1253 3673 siquidem
1276 3587 1388 3674 figura
1407 3588 1505 3675 perfi-

359 3711 499 3780 oinntur
531 3721 661 3797 septem
696 3711 938 3777 simulationes
972 3733 1014 3776 ex
1044 3719 1141 3776 motu
1171 3711 1291 3778 circuli
1314 3711 1446 3777 interni
1470 3721 1505 3777 et

360 3838 502 3903 minoris
522 3839 585 3904 sub
606 3847 746 3904 externo
766 3846 800 3903 et
819 3839 957 3922 maiori,
978 3839 1193 3927 procedendo
1218 3840 1261 3905 ab
1293 3862 1362 3905 uno
1382 3840 1504 3906 domus

361 3964 498 4029 cardine
518 3964 700 4047 adolium,
721 3965 904 4051 nempeeb
928 3965 959 4029 A
984 3965 1027 4030 ad
1052 3965 1094 4048 E,
1115 3965 1158 4030 ab
1179 3967 1208 4031 E
1232 3964 1275 4031 ad
1299 3965 1343 4050 B,
1369 3989 1389 4031 a
1413 3965 1503 4030 Bed

1367 4135 1495 4145 —-——t

455 4226 631 4276 lstssM¹
696 4227 759 4276 5:21
778 4225 806 4275 ia
823 4242 908 4291 crorp.
926 4224 969 4290 M,
988 4243 1031 4275 ma
1048 4226 1077 4276 in
1095 4219 1143 4276 ΜΓ
1156 4227 1235 4289 quasi
1251 4233 1314 4278 tutte
1329 4228 1428 4292 parole
1444 4243 1503 4276 sva·

361 4307 413 4356 nite
464 4309 914 4371 TDonrogia]soprop.536³qq.
971 4300 1229 4359 lldifficilioran'
1290 4310 1372 4359 11.12
1386 4315 1503 4375 proptor

361 4389 696 4495 inaequalitatem1bqnia
715 4390 952 4455 inaequalitatem
969 4382 1016 4438 Ml
1080 4391 1110 4440 12
1127 4391 1204 4456 quod
1224 4391 1312 4454 (forse
1330 4391 1420 4454 quo2)
1440 4405 1503 4441 osn-

362 4478 436 4519 trum
452 4469 508 4536 cte]
522 4470 559 4518 sic
575 4469 604 4517 t!
