<?xml version="1.0" encoding="UTF-8"?>
<!DOCTYPE html PUBLIC "-//W3C//DTD XHTML 1.0 Transitional//EN"
    "http://www.w3.org/TR/xhtml1/DTD/xhtml1-transitional.dtd">
<html xmlns="http://www.w3.org/1999/xhtml" xml:lang="en" lang="en">
 <head>
  <title>
</title>
<meta http-equiv="Content-Type" content="text/html;charset=utf-8" />
  <meta name='ocr-system' content='tesseract 3.04.00' />
  <meta name='ocr-capabilities' content='ocr_page ocr_carea ocr_par ocr_line ocrx_word'/>
</head>
<body>
  <div class='ocr_page' id='page_1' title='image "./jordanibruninol05brungoog_0422.png"; bbox 0 0 3488 5108; ppageno 0'>
   <div class='ocr_carea' id='block_1_1' title="bbox 546 411 1503 472">
    <p class='ocr_par' dir='ltr' id='par_1_1' title="bbox 546 411 1503 472">
     <span class='ocr_line' id='line_1_1' title="bbox 546 411 1503 472; baseline 0.001 -4"><span class='ocrx_word' id='word_1_1' title='bbox 546 425 634 470; x_wconf 77' lang='lat' dir='ltr'>LIBRI</span> <span class='ocrx_word' id='word_1_2' title='bbox 654 424 866 470; x_wconf 75' lang='lat' dir='ltr'>Purswonvm</span> <span class='ocrx_word' id='word_1_3' title='bbox 887 423 1100 470; x_wconf 74' lang='lat' dir='ltr'><strong>ARISTOTELIS</strong></span> <span class='ocrx_word' id='word_1_4' title='bbox 1121 426 1316 472; x_wconf 69' lang='lat' dir='ltr'>BXPLANATI.</span> <span class='ocrx_word' id='word_1_5' title='bbox 1443 411 1503 470; x_wconf 74' lang='lat'>355</span> 
     </span>
    </p>
   </div>
   <div class='ocr_carea' id='block_1_2' title="bbox 296 582 1677 2158">
    <p class='ocr_par' dir='ltr' id='par_1_2' title="bbox 360 582 1677 1048">
     <span class='ocr_line' id='line_1_2' title="bbox 360 582 1500 669; baseline 0.003 -23"><span class='ocrx_word' id='word_1_6' title='bbox 360 582 562 668; x_wconf 88' lang='lat' dir='ltr'>separabilis</span> <span class='ocrx_word' id='word_1_7' title='bbox 582 607 602 648; x_wconf 90' lang='lat' dir='ltr'>a</span> <span class='ocrx_word' id='word_1_8' title='bbox 621 583 715 666; x_wconf 91' lang='lat' dir='ltr'>vino,</span> <span class='ocrx_word' id='word_1_9' title='bbox 735 583 872 668; x_wconf 85' lang='lat' dir='ltr'>quando</span> <span class='ocrx_word' id='word_1_10' title='bbox 891 582 1053 648; x_wconf 90' lang='lat' dir='ltr'>videlicet</span> <span class='ocrx_word' id='word_1_11' title='bbox 1077 583 1114 648; x_wconf 92' lang='lat' dir='ltr'>in</span> <span class='ocrx_word' id='word_1_12' title='bbox 1133 604 1230 648; x_wconf 86' lang='lat' dir='ltr'>cereo</span> <span class='ocrx_word' id='word_1_13' title='bbox 1248 606 1330 649; x_wconf 88' lang='lat' dir='ltr'>vase</span> <span class='ocrx_word' id='word_1_14' title='bbox 1350 583 1500 669; x_wconf 86' lang='lat' dir='ltr'>quadam</span> 
     </span>
     <span class='ocr_line' id='line_1_3' title="bbox 360 706 1677 796; baseline 0.001 -26"><span class='ocrx_word' id='word_1_15' title='bbox 360 707 494 772; x_wconf 89' lang='lat' dir='ltr'>ratione</span> <span class='ocrx_word' id='word_1_16' title='bbox 512 706 703 774; x_wconf 82' lang='lat' dir='ltr'>fabrefacto</span> <span class='ocrx_word' id='word_1_17' title='bbox 728 708 867 792; x_wconf 89' lang='lat' dir='ltr'>accidit,</span> <span class='ocrx_word' id='word_1_18' title='bbox 899 716 938 774; x_wconf 92' lang='lat' dir='ltr'>ut</span> <span class='ocrx_word' id='word_1_19' title='bbox 968 731 1029 795; x_wconf 87' lang='lat' dir='ltr'>per</span> <span class='ocrx_word' id='word_1_20' title='bbox 1049 715 1053 794; x_wconf 73' lang='grc' dir='ltr'>Ι</span> <span class='ocrx_word' id='word_1_21' title='bbox 1074 730 1177 796; x_wconf 88' lang='lat' dir='ltr'>poros</span> <span class='ocrx_word' id='word_1_22' title='bbox 1206 707 1377 773; x_wconf 83' lang='lat' dir='ltr'>exudante</span> <span class='ocrx_word' id='word_1_23' title='bbox 1407 731 1498 794; x_wconf 85' lang='lat' dir='ltr'>aqua</span> <span class='ocrx_word' id='word_1_24' title='bbox 1526 709 1677 773; x_wconf 65' lang='lat' dir='ltr'>59*ss</span> 
     </span>
     <span class='ocr_line' id='line_1_4' title="bbox 360 833 1505 923; baseline -0.001 -23"><span class='ocrx_word' id='word_1_25' title='bbox 360 857 486 922; x_wconf 91' lang='lat' dir='ltr'>purum</span> <span class='ocrx_word' id='word_1_26' title='bbox 503 835 598 902; x_wconf 88' lang='lat' dir='ltr'>intus</span> <span class='ocrx_word' id='word_1_27' title='bbox 614 836 736 902; x_wconf 89' lang='lat' dir='ltr'>vinum</span> <span class='ocrx_word' id='word_1_28' title='bbox 752 842 967 923; x_wconf 83' lang='lat' dir='ltr'>permaneat,</span> <span class='ocrx_word' id='word_1_29' title='bbox 984 833 1243 901; x_wconf 86' lang='lat' dir='ltr'>evidentissima</span> <span class='ocrx_word' id='word_1_30' title='bbox 1260 841 1320 917; x_wconf 88' lang='lat' dir='ltr'>est,</span> <span class='ocrx_word' id='word_1_31' title='bbox 1339 844 1374 900; x_wconf 88' lang='lat' dir='ltr'>et</span> <span class='ocrx_word' id='word_1_32' title='bbox 1392 834 1505 901; x_wconf 79' lang='lat' dir='ltr'>fortis·</span> 
     </span>
     <span class='ocr_line' id='line_1_5' title="bbox 360 959 1504 1048; baseline -0.001 -23"><span class='ocrx_word' id='word_1_33' title='bbox 360 959 447 1025; x_wconf 87' lang='lat' dir='ltr'>sima</span> <span class='ocrx_word' id='word_1_34' title='bbox 470 959 559 1026; x_wconf 82' lang='lat' dir='ltr'>ratio</span> <span class='ocrx_word' id='word_1_35' title='bbox 583 960 761 1048; x_wconf 78' lang='lat' dir='ltr'>colligitur</span> <span class='ocrx_word' id='word_1_36' title='bbox 785 961 876 1046; x_wconf 90' lang='lat' dir='ltr'>quod</span> <span class='ocrx_word' id='word_1_37' title='bbox 900 982 970 1026; x_wconf 89' lang='lat' dir='ltr'>non</span> <span class='ocrx_word' id='word_1_38' title='bbox 994 969 1046 1026; x_wconf 87' lang='lat' dir='ltr'>est</span> <span class='ocrx_word' id='word_1_39' title='bbox 1075 960 1313 1047; x_wconf 88' lang='lat' dir='ltr'>compositum.</span> <span class='ocrx_word' id='word_1_40' title='bbox 1345 959 1409 1025; x_wconf 85' lang='lat' dir='ltr'>Est</span> <span class='ocrx_word' id='word_1_41' title='bbox 1440 959 1504 1026; x_wconf 90' lang='lat' dir='ltr'>hoc</span> 
     </span>
    </p>

    <p class='ocr_par' dir='ltr' id='par_1_3' title="bbox 316 1083 1511 1675">
     <span class='ocr_line' id='line_1_6' title="bbox 316 1083 1504 1170; baseline -0.003 -16"><span class='ocrx_word' id='word_1_42' title='bbox 316 1090 458 1154; x_wconf 74' lang='lat' dir='ltr'>bextra</span> <span class='ocrx_word' id='word_1_43' title='bbox 492 1085 592 1150; x_wconf 84' lang='lat' dir='ltr'>mixti</span> <span class='ocrx_word' id='word_1_44' title='bbox 621 1085 868 1168; x_wconf 87' lang='lat' dir='ltr'>conditionem,</span> <span class='ocrx_word' id='word_1_45' title='bbox 900 1085 1061 1152; x_wconf 87' lang='lat' dir='ltr'>similiter</span> <span class='ocrx_word' id='word_1_46' title='bbox 1088 1085 1150 1150; x_wconf 89' lang='lat' dir='ltr'>ubi</span> <span class='ocrx_word' id='word_1_47' title='bbox 1180 1085 1262 1150; x_wconf 91' lang='lat' dir='ltr'>licet</span> <span class='ocrx_word' id='word_1_48' title='bbox 1292 1107 1313 1149; x_wconf 91' lang='lat' dir='ltr'>a</span> <span class='ocrx_word' id='word_1_49' title='bbox 1345 1083 1504 1170; x_wconf 87' lang='lat' dir='ltr'>chymico</span> 
     </span>
     <span class='ocr_line' id='line_1_7' title="bbox 361 1209 1506 1297; baseline 0.001 -23"><span class='ocrx_word' id='word_1_50' title='bbox 361 1209 550 1297; x_wconf 86' lang='lat' dir='ltr'>composito</span> <span class='ocrx_word' id='word_1_51' title='bbox 570 1232 691 1277; x_wconf 86' lang='lat' dir='ltr'>aurum</span> <span class='ocrx_word' id='word_1_52' title='bbox 714 1211 758 1276; x_wconf 87' lang='lat' dir='ltr'>ab</span> <span class='ocrx_word' id='word_1_53' title='bbox 783 1218 926 1296; x_wconf 84' lang='lat' dir='ltr'>argento</span> <span class='ocrx_word' id='word_1_54' title='bbox 951 1233 1141 1297; x_wconf 87' lang='lat' dir='ltr'>segregare.</span> <span class='ocrx_word' id='word_1_55' title='bbox 1167 1209 1236 1278; x_wconf 89' lang='lat' dir='ltr'>Ubi</span> <span class='ocrx_word' id='word_1_56' title='bbox 1260 1231 1341 1275; x_wconf 85' lang='lat' dir='ltr'>vero</span> <span class='ocrx_word' id='word_1_57' title='bbox 1358 1232 1399 1274; x_wconf 88' lang='lat' dir='ltr'>ex</span> <span class='ocrx_word' id='word_1_58' title='bbox 1420 1232 1506 1275; x_wconf 91' lang='lat' dir='ltr'>com·</span> 
     </span>
     <span class='ocr_line' id='line_1_8' title="bbox 360 1332 1506 1421; baseline 0 -22"><span class='ocrx_word' id='word_1_59' title='bbox 360 1332 531 1421; x_wconf 73' lang='lat' dir='ltr'>positione</span> <span class='ocrx_word' id='word_1_60' title='bbox 546 1357 585 1400; x_wconf 89' lang='lat' dir='ltr'>ea</span> <span class='ocrx_word' id='word_1_61' title='bbox 604 1335 760 1421; x_wconf 88' lang='lat' dir='ltr'>sequitur</span> <span class='ocrx_word' id='word_1_62' title='bbox 779 1336 903 1401; x_wconf 79' lang='lat' dir='ltr'>mixtio</span> <span class='ocrx_word' id='word_1_63' title='bbox 923 1341 975 1417; x_wconf 87' lang='lat' dir='ltr'>(ut</span> <span class='ocrx_word' id='word_1_64' title='bbox 993 1335 1057 1402; x_wconf 90' lang='lat' dir='ltr'>hoc</span> <span class='ocrx_word' id='word_1_65' title='bbox 1074 1336 1179 1410; x_wconf 82' lang='lat' dir='ltr'>etiam</span> <span class='ocrx_word' id='word_1_66' title='bbox 1199 1335 1337 1400; x_wconf 91' lang='lat' dir='ltr'>nomine</span> <span class='ocrx_word' id='word_1_67' title='bbox 1358 1357 1506 1401; x_wconf 88' lang='lat' dir='ltr'>commu·</span> 
     </span>
     <span class='ocr_line' id='line_1_9' title="bbox 359 1458 1511 1548; baseline 0 -24"><span class='ocrx_word' id='word_1_68' title='bbox 359 1458 452 1524; x_wconf 88' lang='lat' dir='ltr'>niter</span> <span class='ocrx_word' id='word_1_69' title='bbox 471 1466 578 1543; x_wconf 81' lang='lat' dir='ltr'>utar),</span> <span class='ocrx_word' id='word_1_70' title='bbox 600 1461 738 1546; x_wconf 84' lang='lat' dir='ltr'>quando</span> <span class='ocrx_word' id='word_1_71' title='bbox 756 1461 837 1526; x_wconf 88' lang='lat' dir='ltr'>licet</span> <span class='ocrx_word' id='word_1_72' title='bbox 861 1461 988 1527; x_wconf 86' lang='lat' dir='ltr'>iterum</span> <span class='ocrx_word' id='word_1_73' title='bbox 1014 1468 1130 1548; x_wconf 86' lang='lat' dir='ltr'>partes</span> <span class='ocrx_word' id='word_1_74' title='bbox 1154 1460 1343 1527; x_wconf 88' lang='lat' dir='ltr'>secundum</span> <span class='ocrx_word' id='word_1_75' title='bbox 1362 1459 1511 1525; x_wconf 83' lang='lat' dir='ltr'>eandem</span> 
     </span>
     <span class='ocr_line' id='line_1_10' title="bbox 360 1586 1504 1675; baseline 0.002 -24"><span class='ocrx_word' id='word_1_76' title='bbox 360 1586 508 1673; x_wconf 83' lang='lat' dir='ltr'>speciem</span> <span class='ocrx_word' id='word_1_77' title='bbox 526 1587 691 1674; x_wconf 87' lang='lat' dir='ltr'>recipere,</span> <span class='ocrx_word' id='word_1_78' title='bbox 712 1594 751 1653; x_wconf 89' lang='lat' dir='ltr'>ut</span> <span class='ocrx_word' id='word_1_79' title='bbox 771 1588 831 1653; x_wconf 89' lang='lat' dir='ltr'>ubi</span> <span class='ocrx_word' id='word_1_80' title='bbox 851 1611 893 1654; x_wconf 88' lang='lat' dir='ltr'>ex</span> <span class='ocrx_word' id='word_1_81' title='bbox 911 1611 1001 1675; x_wconf 90' lang='lat' dir='ltr'>pane</span> <span class='ocrx_word' id='word_1_82' title='bbox 1028 1588 1069 1653; x_wconf 92' lang='lat' dir='ltr'>fit</span> <span class='ocrx_word' id='word_1_83' title='bbox 1097 1588 1239 1673; x_wconf 83' lang='lat' dir='ltr'>sanguis</span> <span class='ocrx_word' id='word_1_84' title='bbox 1270 1594 1375 1672; x_wconf 88' lang='lat' dir='ltr'>atque</span> <span class='ocrx_word' id='word_1_85' title='bbox 1404 1595 1504 1674; x_wconf 90' lang='lat' dir='ltr'>potu,</span> 
     </span>
    </p>

    <p class='ocr_par' dir='ltr' id='par_1_4' title="bbox 296 1710 1507 2158">
     <span class='ocr_line' id='line_1_11' title="bbox 296 1710 1507 1800; baseline -0.002 -21"><span class='ocrx_word' id='word_1_86' title='bbox 296 1715 338 1779; x_wconf 79' lang='lat'>10</span> <span class='ocrx_word' id='word_1_87' title='bbox 359 1710 409 1776; x_wconf 90' lang='lat' dir='ltr'>ibi</span> <span class='ocrx_word' id='word_1_88' title='bbox 427 1734 507 1777; x_wconf 87' lang='lat' dir='ltr'>vere</span> <span class='ocrx_word' id='word_1_89' title='bbox 526 1712 688 1798; x_wconf 89' lang='lat' dir='ltr'>congruit</span> <span class='ocrx_word' id='word_1_90' title='bbox 707 1734 833 1778; x_wconf 87' lang='lat' dir='ltr'>nornen</span> <span class='ocrx_word' id='word_1_91' title='bbox 851 1713 1102 1800; x_wconf 88' lang='lat' dir='ltr'>generationis;</span> <span class='ocrx_word' id='word_1_92' title='bbox 1122 1711 1286 1779; x_wconf 89' lang='lat' dir='ltr'>similiter</span> <span class='ocrx_word' id='word_1_93' title='bbox 1306 1711 1366 1777; x_wconf 91' lang='lat' dir='ltr'>ubi</span> <span class='ocrx_word' id='word_1_94' title='bbox 1391 1735 1433 1776; x_wconf 86' lang='lat' dir='ltr'>ex</span> <span class='ocrx_word' id='word_1_95' title='bbox 1457 1712 1507 1777; x_wconf 78' lang='lat' dir='ltr'>fa</span> 
     </span>
     <span class='ocr_line' id='line_1_12' title="bbox 359 1835 1506 1924; baseline 0.002 -24"><span class='ocrx_word' id='word_1_96' title='bbox 359 1835 436 1901; x_wconf 87' lang='lat' dir='ltr'>rina</span> <span class='ocrx_word' id='word_1_97' title='bbox 454 1843 489 1901; x_wconf 90' lang='lat' dir='ltr'>et</span> <span class='ocrx_word' id='word_1_98' title='bbox 508 1858 597 1923; x_wconf 86' lang='lat' dir='ltr'>aqua</span> <span class='ocrx_word' id='word_1_99' title='bbox 614 1843 802 1923; x_wconf 86' lang='lat' dir='ltr'>generatur</span> <span class='ocrx_word' id='word_1_100' title='bbox 828 1838 938 1924; x_wconf 89' lang='lat' dir='ltr'>panis.</span> <span class='ocrx_word' id='word_1_101' title='bbox 958 1837 1000 1903; x_wconf 92' lang='lat' dir='ltr'>In</span> <span class='ocrx_word' id='word_1_102' title='bbox 1020 1837 1219 1904; x_wconf 86' lang='lat' dir='ltr'>huiusmodi</span> <span class='ocrx_word' id='word_1_103' title='bbox 1239 1837 1360 1901; x_wconf 84' lang='lat' dir='ltr'>mixtis</span> <span class='ocrx_word' id='word_1_104' title='bbox 1380 1858 1506 1902; x_wconf 85' lang='lat' dir='ltr'>nomen</span> 
     </span>
     <span class='ocr_line' id='line_1_13' title="bbox 359 1963 1506 2050; baseline 0.001 -21"><span class='ocrx_word' id='word_1_105' title='bbox 359 1985 427 2029; x_wconf 91' lang='lat' dir='ltr'>non</span> <span class='ocrx_word' id='word_1_106' title='bbox 449 1971 606 2030; x_wconf 86' lang='lat' dir='ltr'>servatur</span> <span class='ocrx_word' id='word_1_107' title='bbox 625 1964 663 2029; x_wconf 91' lang='lat' dir='ltr'>in</span> <span class='ocrx_word' id='word_1_108' title='bbox 682 1987 718 2030; x_wconf 88' lang='lat' dir='ltr'>ro</span> <span class='ocrx_word' id='word_1_109' title='bbox 736 1964 843 2047; x_wconf 83' lang='lat' dir='ltr'>facta,</span> <span class='ocrx_word' id='word_1_110' title='bbox 864 1964 922 2030; x_wconf 88' lang='lat' dir='ltr'>sed</span> <span class='ocrx_word' id='word_1_111' title='bbox 942 1970 1080 2031; x_wconf 88' lang='lat' dir='ltr'>tantum</span> <span class='ocrx_word' id='word_1_112' title='bbox 1100 1965 1137 2030; x_wconf 91' lang='lat' dir='ltr'>in</span> <span class='ocrx_word' id='word_1_113' title='bbox 1167 1964 1243 2050; x_wconf 87' lang='lat' dir='ltr'>ipsa</span> <span class='ocrx_word' id='word_1_114' title='bbox 1273 1963 1426 2030; x_wconf 87' lang='lat' dir='ltr'>factione</span> <span class='ocrx_word' id='word_1_115' title='bbox 1445 1987 1506 2030; x_wconf 87' lang='lat' dir='ltr'>seu</span> 
     </span>
     <span class='ocr_line' id='line_1_14' title="bbox 360 2089 868 2158; baseline 0.006 -3"><span class='ocrx_word' id='word_1_116' title='bbox 360 2089 552 2156; x_wconf 82' lang='lat' dir='ltr'>adiectione</span> <span class='ocrx_word' id='word_1_117' title='bbox 572 2091 675 2157; x_wconf 90' lang='lat' dir='ltr'>unius</span> <span class='ocrx_word' id='word_1_118' title='bbox 696 2114 774 2158; x_wconf 90' lang='lat' dir='ltr'>cum</span> <span class='ocrx_word' id='word_1_119' title='bbox 790 2091 868 2158; x_wconf 85' lang='lat' dir='ltr'>elio.</span> 
     </span>
    </p>
   </div>
   <div class='ocr_carea' id='block_1_3' title="bbox 859 2381 1006 2427">
    <p class='ocr_par' dir='ltr' id='par_1_5' title="bbox 859 2381 1006 2427">
     <span class='ocr_line' id='line_1_15' title="bbox 859 2381 1006 2427; baseline 0.007 -1"><span class='ocrx_word' id='word_1_120' title='bbox 859 2381 895 2426; x_wconf 87' lang='lat'>11.</span> <span class='ocrx_word' id='word_1_121' title='bbox 920 2382 1006 2427; x_wconf 84' lang='lat' dir='ltr'><strong>LIBB.</strong></span> 
     </span>
    </p>
   </div>
   <div class='ocr_carea' id='block_1_4' title="bbox 607 2541 1262 2592">
    <p class='ocr_par' dir='ltr' id='par_1_6' title="bbox 607 2541 1262 2592">
     <span class='ocr_line' id='line_1_16' title="bbox 607 2541 1262 2592; baseline 0.003 -12"><span class='ocrx_word' id='word_1_122' title='bbox 607 2543 641 2581; x_wconf 85' lang='lat' dir='ltr'>De</span> <span class='ocrx_word' id='word_1_123' title='bbox 654 2541 805 2590; x_wconf 70' lang='lat' dir='ltr'>qualitatibus</span> <span class='ocrx_word' id='word_1_124' title='bbox 820 2552 879 2591; x_wconf 69' lang='lat' dir='ltr'>quim</span> <span class='ocrx_word' id='word_1_125' title='bbox 894 2545 945 2581; x_wconf 73' lang='lat' dir='ltr'>nunt</span> <span class='ocrx_word' id='word_1_126' title='bbox 960 2541 1076 2592; x_wconf 74' lang='lat' dir='ltr'>prlnotpla</span> <span class='ocrx_word' id='word_1_127' title='bbox 1089 2543 1262 2583; x_wconf 81' lang='lat' dir='ltr'>elementorum.</span> 
     </span>
    </p>
   </div>
   <div class='ocr_carea' id='block_1_5' title="bbox 295 2737 1576 3330">
    <p class='ocr_par' dir='ltr' id='par_1_7' title="bbox 360 2737 1502 3202">
     <span class='ocr_line' id='line_1_17' title="bbox 447 2737 1500 2824; baseline 0.002 -20"><span class='ocrx_word' id='word_1_128' title='bbox 447 2759 468 2797; x_wconf 72' lang='lat' dir='ltr'>t·</span> <span class='ocrx_word' id='word_1_129' title='bbox 484 2737 563 2804; x_wconf 91' lang='lat' dir='ltr'>Non</span> <span class='ocrx_word' id='word_1_130' title='bbox 579 2761 696 2805; x_wconf 90' lang='lat' dir='ltr'>omnes</span> <span class='ocrx_word' id='word_1_131' title='bbox 713 2739 898 2824; x_wconf 87' lang='lat' dir='ltr'>qualitates</span> <span class='ocrx_word' id='word_1_132' title='bbox 918 2739 968 2804; x_wconf 84' lang='lat' dir='ltr'>ita</span> <span class='ocrx_word' id='word_1_133' title='bbox 987 2739 1120 2804; x_wconf 78' lang='lat' dir='ltr'>activae</span> <span class='ocrx_word' id='word_1_134' title='bbox 1144 2746 1236 2817; x_wconf 89' lang='lat' dir='ltr'>sunt,</span> <span class='ocrx_word' id='word_1_135' title='bbox 1259 2746 1297 2804; x_wconf 90' lang='lat' dir='ltr'>ut</span> <span class='ocrx_word' id='word_1_136' title='bbox 1314 2739 1500 2806; x_wconf 88' lang='lat' dir='ltr'>elementa-</span> 
     </span>
     <span class='ocr_line' id='line_1_18' title="bbox 360 2864 1502 2952; baseline 0 -22"><span class='ocrx_word' id='word_1_137' title='bbox 360 2886 432 2930; x_wconf 90' lang='lat' dir='ltr'>rem</span> <span class='ocrx_word' id='word_1_138' title='bbox 455 2865 685 2931; x_wconf 79' lang='lat' dir='ltr'>substantiam</span> <span class='ocrx_word' id='word_1_139' title='bbox 704 2864 807 2930; x_wconf 87' lang='lat' dir='ltr'>aliam</span> <span class='ocrx_word' id='word_1_140' title='bbox 831 2864 999 2930; x_wconf 86' lang='lat' dir='ltr'>inducant</span> <span class='ocrx_word' id='word_1_141' title='bbox 1017 2865 1209 2948; x_wconf 80' lang='lat' dir='ltr'>alterandO,</span> <span class='ocrx_word' id='word_1_142' title='bbox 1230 2865 1502 2952; x_wconf 86' lang='lat' dir='ltr'>corrumpendo;</span> 
     </span>
     <span class='ocr_line' id='line_1_19' title="bbox 360 2989 1500 3077; baseline 0.001 -22"><span class='ocrx_word' id='word_1_143' title='bbox 360 2989 419 3056; x_wconf 86' lang='lat' dir='ltr'>sed</span> <span class='ocrx_word' id='word_1_144' title='bbox 438 2990 623 3077; x_wconf 87' lang='lat' dir='ltr'>tangibiles</span> <span class='ocrx_word' id='word_1_145' title='bbox 643 2997 794 3071; x_wconf 87' lang='lat' dir='ltr'>tantum,</span> <span class='ocrx_word' id='word_1_146' title='bbox 815 3012 874 3055; x_wconf 87' lang='lat' dir='ltr'>seu</span> <span class='ocrx_word' id='word_1_147' title='bbox 905 3013 992 3076; x_wconf 87' lang='lat' dir='ltr'>quae</span> <span class='ocrx_word' id='word_1_148' title='bbox 1010 2991 1197 3057; x_wconf 87' lang='lat' dir='ltr'>secundum</span> <span class='ocrx_word' id='word_1_149' title='bbox 1228 3014 1365 3056; x_wconf 88' lang='lat' dir='ltr'>sensum</span> <span class='ocrx_word' id='word_1_150' title='bbox 1385 2998 1500 3056; x_wconf 87' lang='lat' dir='ltr'>tactus</span> 
     </span>
     <span class='ocr_line' id='line_1_20' title="bbox 360 3115 1501 3202; baseline -0.001 -21"><span class='ocrx_word' id='word_1_151' title='bbox 360 3116 463 3199; x_wconf 89' lang='lat' dir='ltr'>fiunt,</span> <span class='ocrx_word' id='word_1_152' title='bbox 483 3122 517 3180; x_wconf 87' lang='lat' dir='ltr'>ct</span> <span class='ocrx_word' id='word_1_153' title='bbox 536 3116 575 3182; x_wconf 90' lang='lat' dir='ltr'>in</span> <span class='ocrx_word' id='word_1_154' title='bbox 592 3138 631 3181; x_wconf 92' lang='lat' dir='ltr'>eo</span> <span class='ocrx_word' id='word_1_155' title='bbox 660 3115 915 3182; x_wconf 78' lang='lat' dir='ltr'>contrarietatis</span> <span class='ocrx_word' id='word_1_156' title='bbox 938 3140 1062 3202; x_wconf 87' lang='lat' dir='ltr'>genero</span> <span class='ocrx_word' id='word_1_157' title='bbox 1082 3117 1285 3183; x_wconf 86' lang='lat' dir='ltr'>consistunt.</span> <span class='ocrx_word' id='word_1_158' title='bbox 1311 3117 1390 3182; x_wconf 90' lang='lat' dir='ltr'>Non</span> <span class='ocrx_word' id='word_1_159' title='bbox 1409 3117 1501 3181; x_wconf 89' lang='lat' dir='ltr'>enim</span> 
     </span>
    </p>

    <p class='ocr_par' dir='ltr' id='par_1_8' title="bbox 295 3242 1576 3330">
     <span class='ocr_line' id='line_1_21' title="bbox 295 3242 1576 3330; baseline -0.002 -20"><span class='ocrx_word' id='word_1_160' title='bbox 295 3255 339 3320; x_wconf 82' lang='grc'>20</span> <span class='ocrx_word' id='word_1_161' title='bbox 361 3242 496 3327; x_wconf 85' lang='lat' dir='ltr'>albedo,</span> <span class='ocrx_word' id='word_1_162' title='bbox 520 3243 676 3326; x_wconf 82' lang='lat' dir='ltr'>dulcedo,</span> <span class='ocrx_word' id='word_1_163' title='bbox 698 3243 842 3329; x_wconf 86' lang='lat' dir='ltr'>nigredo</span> <span class='ocrx_word' id='word_1_164' title='bbox 870 3252 905 3309; x_wconf 89' lang='lat' dir='ltr'>et</span> <span class='ocrx_word' id='word_1_165' title='bbox 924 3242 1052 3308; x_wconf 83' lang='lat' dir='ltr'>similes</span> <span class='ocrx_word' id='word_1_166' title='bbox 1083 3243 1267 3330; x_wconf 90' lang='lat' dir='ltr'>qualitates</span> <span class='ocrx_word' id='word_1_167' title='bbox 1286 3244 1386 3310; x_wconf 86' lang='lat' dir='ltr'>iuxta</span> <span class='ocrx_word' id='word_1_168' title='bbox 1415 3244 1501 3309; x_wconf 88' lang='lat' dir='ltr'>alios</span> <span class='ocrx_word' id='word_1_169' title='bbox 1573 3285 1576 3291; x_wconf 94' lang='lat'>-</span> 
     </span>
    </p>
   </div>
   <div class='ocr_carea' id='block_1_6' title="bbox 362 3368 1501 3436">
    <p class='ocr_par' dir='ltr' id='par_1_9' title="bbox 362 3368 1501 3436">
     <span class='ocr_line' id='line_1_22' title="bbox 362 3368 1501 3436; baseline 0.001 -1"><span class='ocrx_word' id='word_1_170' title='bbox 362 3393 480 3436; x_wconf 87' lang='lat' dir='ltr'>sensus</span> <span class='ocrx_word' id='word_1_171' title='bbox 519 3370 766 3434; x_wconf 86' lang='lat' dir='ltr'>elementorum</span> <span class='ocrx_word' id='word_1_172' title='bbox 803 3392 862 3434; x_wconf 87' lang='lat' dir='ltr'>seu</span> <span class='ocrx_word' id='word_1_173' title='bbox 895 3368 1181 3435; x_wconf 84' lang='lat' dir='ltr'>elementatorum</span> <span class='ocrx_word' id='word_1_174' title='bbox 1220 3369 1501 3436; x_wconf 87' lang='lat' dir='ltr'>contrarietatem</span> 
     </span>
    </p>
   </div>
   <div class='ocr_carea' id='block_1_7' title="bbox 361 3493 1671 3583">
    <p class='ocr_par' dir='ltr' id='par_1_10' title="bbox 361 3493 1671 3583">
     <span class='ocr_line' id='line_1_23' title="bbox 361 3493 1671 3583; baseline 0.003 -23"><span class='ocrx_word' id='word_1_175' title='bbox 361 3494 509 3577; x_wconf 87' lang='lat' dir='ltr'>faciunt,</span> <span class='ocrx_word' id='word_1_176' title='bbox 531 3495 535 3583; x_wconf 82' lang='grc' dir='ltr'>Ι</span> <span class='ocrx_word' id='word_1_177' title='bbox 556 3494 614 3559; x_wconf 89' lang='lat' dir='ltr'>sed</span> <span class='ocrx_word' id='word_1_178' title='bbox 631 3495 722 3561; x_wconf 83' lang='lat' dir='ltr'>soluo</span> <span class='ocrx_word' id='word_1_179' title='bbox 739 3518 826 3582; x_wconf 84' lang='lat' dir='ltr'>quae</span> <span class='ocrx_word' id='word_1_180' title='bbox 843 3495 886 3560; x_wconf 91' lang='lat' dir='ltr'>ad</span> <span class='ocrx_word' id='word_1_181' title='bbox 902 3502 1033 3560; x_wconf 88' lang='lat' dir='ltr'>tactum</span> <span class='ocrx_word' id='word_1_182' title='bbox 1049 3493 1256 3560; x_wconf 82' lang='lat' dir='ltr'>referuntur.</span> <span class='ocrx_word' id='word_1_183' title='bbox 1275 3495 1406 3583; x_wconf 87' lang='lat' dir='ltr'>[Sapor,</span> <span class='ocrx_word' id='word_1_184' title='bbox 1425 3520 1502 3563; x_wconf 91' lang='lat' dir='ltr'>cum</span> <span class='ocrx_word' id='word_1_185' title='bbox 1527 3508 1619 3572; x_wconf 75' lang='lat' dir='ltr'>42v</span> <span class='ocrx_word' id='word_1_186' title='bbox 1635 3507 1671 3570; x_wconf 84' lang='grc' dir='ltr'>Ο</span> 
     </span>
    </p>
   </div>
   <div class='ocr_carea' id='block_1_8' title="bbox 296 3619 1676 4212">
    <p class='ocr_par' dir='ltr' id='par_1_11' title="bbox 296 3619 1676 4212">
     <span class='ocr_line' id='line_1_24' title="bbox 362 3619 1502 3707; baseline 0.002 -22"><span class='ocrx_word' id='word_1_187' title='bbox 362 3620 548 3707; x_wconf 84' lang='lat' dir='ltr'>stupefacit</span> <span class='ocrx_word' id='word_1_188' title='bbox 567 3619 699 3703; x_wconf 87' lang='lat' dir='ltr'>dentes,</span> <span class='ocrx_word' id='word_1_189' title='bbox 719 3631 753 3686; x_wconf 89' lang='lat' dir='ltr'>et</span> <span class='ocrx_word' id='word_1_190' title='bbox 770 3621 900 3703; x_wconf 87' lang='lat' dir='ltr'>lumen,</span> <span class='ocrx_word' id='word_1_191' title='bbox 919 3643 997 3685; x_wconf 85' lang='lat' dir='ltr'>cum</span> <span class='ocrx_word' id='word_1_192' title='bbox 1015 3620 1106 3685; x_wconf 89' lang='lat' dir='ltr'>visus</span> <span class='ocrx_word' id='word_1_193' title='bbox 1121 3641 1290 3705; x_wconf 82' lang='lat' dir='ltr'>organum</span> <span class='ocrx_word' id='word_1_194' title='bbox 1307 3622 1502 3705; x_wconf 88' lang='lat' dir='ltr'>conturbat,</span> 
     </span>
     <span class='ocr_line' id='line_1_25' title="bbox 361 3747 1504 3836; baseline 0 -23"><span class='ocrx_word' id='word_1_195' title='bbox 361 3748 450 3813; x_wconf 90' lang='lat' dir='ltr'>hanc</span> <span class='ocrx_word' id='word_1_196' title='bbox 470 3748 640 3813; x_wconf 84' lang='lat' dir='ltr'>actionem</span> <span class='ocrx_word' id='word_1_197' title='bbox 660 3755 695 3812; x_wconf 89' lang='lat' dir='ltr'>et</span> <span class='ocrx_word' id='word_1_198' title='bbox 714 3747 954 3812; x_wconf 84' lang='lat' dir='ltr'>alterationem</span> <span class='ocrx_word' id='word_1_199' title='bbox 973 3755 1007 3811; x_wconf 86' lang='lat' dir='ltr'>ct</span> <span class='ocrx_word' id='word_1_200' title='bbox 1026 3747 1222 3833; x_wconf 88' lang='lat' dir='ltr'>passionem</span> <span class='ocrx_word' id='word_1_201' title='bbox 1252 3748 1422 3814; x_wconf 88' lang='lat' dir='ltr'>inducunt</span> <span class='ocrx_word' id='word_1_202' title='bbox 1442 3771 1504 3836; x_wconf 88' lang='lat' dir='ltr'>per</span> 
     </span>
     <span class='ocr_line' id='line_1_26' title="bbox 296 3872 1504 3960; baseline 0 -21"><span class='ocrx_word' id='word_1_203' title='bbox 296 3890 339 3954; x_wconf 79' lang='lat'>25</span> <span class='ocrx_word' id='word_1_204' title='bbox 362 3873 549 3959; x_wconf 85' lang='lat' dir='ltr'>tangibiles</span> <span class='ocrx_word' id='word_1_205' title='bbox 569 3872 753 3958; x_wconf 83' lang='lat' dir='ltr'>qualitates</span> <span class='ocrx_word' id='word_1_206' title='bbox 774 3874 811 3937; x_wconf 92' lang='lat' dir='ltr'>in</span> <span class='ocrx_word' id='word_1_207' title='bbox 831 3881 908 3939; x_wconf 69' lang='lat' dir='ltr'>aere</span> <span class='ocrx_word' id='word_1_208' title='bbox 928 3872 1124 3939; x_wconf 86' lang='lat' dir='ltr'>illuminato</span> <span class='ocrx_word' id='word_1_209' title='bbox 1142 3882 1176 3938; x_wconf 87' lang='lat' dir='ltr'>et</span> <span class='ocrx_word' id='word_1_210' title='bbox 1190 3873 1332 3939; x_wconf 86' lang='lat' dir='ltr'>humore</span> <span class='ocrx_word' id='word_1_211' title='bbox 1352 3875 1504 3960; x_wconf 86' lang='lat' dir='ltr'>styptico</span> 
     </span>
     <span class='ocr_line' id='line_1_27' title="bbox 363 3998 1676 4085; baseline -0.001 -19"><span class='ocrx_word' id='word_1_212' title='bbox 363 4023 422 4066; x_wconf 87' lang='lat' dir='ltr'>seu</span> <span class='ocrx_word' id='word_1_213' title='bbox 446 3998 543 4065; x_wconf 88' lang='lat' dir='ltr'>acido</span> <span class='ocrx_word' id='word_1_214' title='bbox 571 3999 799 4085; x_wconf 84' lang='lat' dir='ltr'>tangentibus</span> <span class='ocrx_word' id='word_1_215' title='bbox 830 3998 1000 4085; x_wconf 88' lang='lat' dir='ltr'>pupillam</span> <span class='ocrx_word' id='word_1_216' title='bbox 1030 4007 1064 4064; x_wconf 91' lang='lat' dir='ltr'>et</span> <span class='ocrx_word' id='word_1_217' title='bbox 1095 3999 1502 4084; x_wconf 75' lang='lat' dir='ltr'>dentes.]lQualitatu1n</span> <span class='ocrx_word' id='word_1_218' title='bbox 1531 4008 1676 4071; x_wconf 74' lang='lat' dir='ltr'>60OE</span> 
     </span>
     <span class='ocr_line' id='line_1_28' title="bbox 362 4124 1507 4212; baseline 0.001 -21"><span class='ocrx_word' id='word_1_219' title='bbox 362 4148 444 4192; x_wconf 90' lang='lat' dir='ltr'>vero</span> <span class='ocrx_word' id='word_1_220' title='bbox 462 4125 686 4212; x_wconf 88' lang='lat' dir='ltr'>tangibilium</span> <span class='ocrx_word' id='word_1_221' title='bbox 717 4125 909 4191; x_wconf 84' lang='lat' dir='ltr'>activorum</span> <span class='ocrx_word' id='word_1_222' title='bbox 930 4131 964 4189; x_wconf 91' lang='lat' dir='ltr'>et</span> <span class='ocrx_word' id='word_1_223' title='bbox 991 4124 1221 4211; x_wconf 82' lang='lat' dir='ltr'>passivorum,</span> <span class='ocrx_word' id='word_1_224' title='bbox 1243 4147 1331 4210; x_wconf 90' lang='lat' dir='ltr'>quae</span> <span class='ocrx_word' id='word_1_225' title='bbox 1359 4134 1441 4192; x_wconf 86' lang='lat' dir='ltr'>sunt</span> <span class='ocrx_word' id='word_1_226' title='bbox 1457 4150 1507 4192; x_wconf 87' lang='lat' dir='ltr'>se·</span> 
     </span>
    </p>
   </div>
   <div class='ocr_carea' id='block_1_9' title="bbox 360 4342 1509 4572">
    <p class='ocr_par' dir='ltr' id='par_1_12' title="bbox 360 4342 1509 4572">
     <span class='ocr_line' id='line_1_29' title="bbox 456 4342 1506 4406; baseline -0.001 -12"><span class='ocrx_word' id='word_1_227' title='bbox 456 4345 560 4406; x_wconf 78' lang='lat' dir='ltr'>8forse</span> <span class='ocrx_word' id='word_1_228' title='bbox 569 4342 784 4394; x_wconf 84' lang='lat' dir='ltr'>evidentissima</span> <span class='ocrx_word' id='word_1_229' title='bbox 796 4342 925 4399; x_wconf 86' lang='lat' dir='ltr'>&lt;mixtio&gt;</span> <span class='ocrx_word' id='word_1_230' title='bbox 940 4349 984 4392; x_wconf 86' lang='lat' dir='ltr'>ost</span> <span class='ocrx_word' id='word_1_231' title='bbox 1032 4344 1047 4393; x_wconf 82' lang='lat'>5</span> <span class='ocrx_word' id='word_1_232' title='bbox 1061 4343 1100 4393; x_wconf 74' lang='lat'>07</span> <span class='ocrx_word' id='word_1_233' title='bbox 1117 4343 1195 4392; x_wconf 87' lang='lat' dir='ltr'>misti</span> <span class='ocrx_word' id='word_1_234' title='bbox 1209 4358 1222 4391; x_wconf 84' lang='lat' dir='ltr'>c</span> <span class='ocrx_word' id='word_1_235' title='bbox 1235 4342 1331 4392; x_wconf 84' lang='lat' dir='ltr'>mistio</span> <span class='ocrx_word' id='word_1_236' title='bbox 1341 4342 1368 4392; x_wconf 79' lang='lat' dir='ltr'><strong><em>E</em></strong></span> <span class='ocrx_word' id='word_1_237' title='bbox 1414 4345 1442 4393; x_wconf 90' lang='lat' dir='ltr'>ll</span> <span class='ocrx_word' id='word_1_238' title='bbox 1457 4344 1506 4393; x_wconf 91' lang='lat' dir='ltr'>mi·</span> 
     </span>
     <span class='ocr_line' id='line_1_30' title="bbox 362 4421 1506 4489; baseline 0 -14"><span class='ocrx_word' id='word_1_239' title='bbox 362 4424 415 4475; x_wconf 77' lang='lat' dir='ltr'>stis</span> <span class='ocrx_word' id='word_1_240' title='bbox 431 4424 488 4488; x_wconf 73' lang='lat' dir='ltr'>(sic)</span> <span class='ocrx_word' id='word_1_241' title='bbox 508 4426 616 4476; x_wconf 73' lang='lat' dir='ltr'>Stolzlc:</span> <span class='ocrx_word' id='word_1_242' title='bbox 635 4425 712 4474; x_wconf 81' lang='lat' dir='ltr'>misti</span> <span class='ocrx_word' id='word_1_243' title='bbox 731 4424 756 4474; x_wconf 74' lang='lat' dir='ltr'>l)</span> <span class='ocrx_word' id='word_1_244' title='bbox 816 4425 897 4474; x_wconf 55' lang='lat'>‘2226</span> <span class='ocrx_word' id='word_1_245' title='bbox 914 4424 1146 4488; x_wconf 77' lang='lat' dir='ltr'>Sapor-dentes</span> <span class='ocrx_word' id='word_1_246' title='bbox 1164 4424 1176 4472; x_wconf 73' lang='lat' dir='ltr'>l</span> <span class='ocrx_word' id='word_1_247' title='bbox 1194 4421 1321 4488; x_wconf 64' lang='lat' dir='ltr'>apparato</span> <span class='ocrx_word' id='word_1_248' title='bbox 1337 4422 1367 4473; x_wconf 79' lang='lat' dir='ltr'>in</span> <span class='ocrx_word' id='word_1_249' title='bbox 1383 4422 1506 4489; x_wconf 61' lang='lat' dir='ltr'>oramine</span> 
     </span>
     <span class='ocr_line' id='line_1_31' title="bbox 360 4502 1509 4572; baseline 0 -16"><span class='ocrx_word' id='word_1_250' title='bbox 360 4505 391 4556; x_wconf 78' lang='lat' dir='ltr'>in</span> <span class='ocrx_word' id='word_1_251' title='bbox 403 4505 441 4570; x_wconf 88' lang='lat' dir='ltr'>B,</span> <span class='ocrx_word' id='word_1_252' title='bbox 457 4506 489 4556; x_wconf 84' lang='lat' dir='ltr'>ed</span> <span class='ocrx_word' id='word_1_253' title='bbox 502 4503 515 4553; x_wconf 76' lang='grc' dir='ltr'><em>ὲ</em></span> <span class='ocrx_word' id='word_1_254' title='bbox 526 4507 616 4572; x_wconf 65' lang='lat' dir='ltr'>glossa</span> <span class='ocrx_word' id='word_1_255' title='bbox 629 4505 745 4556; x_wconf 73' lang='lat' dir='ltr'>evidente</span> <span class='ocrx_word' id='word_1_256' title='bbox 791 4506 823 4556; x_wconf 78' lang='lat'>25</span> <span class='ocrx_word' id='word_1_257' title='bbox 836 4504 953 4572; x_wconf 82' lang='lat' dir='ltr'>stiptico</span> <span class='ocrx_word' id='word_1_258' title='bbox 965 4503 991 4554; x_wconf 79' lang='grc' dir='ltr'><strong><em>Ε</em></strong></span> <span class='ocrx_word' id='word_1_259' title='bbox 1035 4504 1066 4556; x_wconf 83' lang='grc'>27</span> <span class='ocrx_word' id='word_1_260' title='bbox 1078 4502 1237 4556; x_wconf 79' lang='lat' dir='ltr'>activorum</span> <span class='ocrx_word' id='word_1_261' title='bbox 1253 4510 1281 4556; x_wconf 82' lang='lat' dir='ltr'>et</span> <span class='ocrx_word' id='word_1_262' title='bbox 1294 4503 1472 4570; x_wconf 80' lang='lat' dir='ltr'>passivorum</span> <span class='ocrx_word' id='word_1_263' title='bbox 1481 4505 1509 4556; x_wconf 81' lang='lat' dir='ltr'>Il</span> 
     </span>
    </p>
   </div>
   <div class='ocr_carea' id='block_1_10' title="bbox 0 0 1748 5108">
    <p class='ocr_par' dir='ltr' id='par_1_13' title="bbox 0 0 1748 5108">
     <span class='ocr_line' id='line_1_32' title="bbox 0 0 1748 5108; baseline 0 2"><span class='ocrx_word' id='word_1_264' title='bbox 0 0 1748 5108; x_wconf 95' lang='lat' dir='ltr'> </span> 
     </span>
    </p>
   </div>
  </div>
 </body>
</html>
