3488 5108
558 418 649 464 mam
669 417 883 463 rursrcoavu
904 417 1118 465 rarsmrama
1138 418 1336 466 arrasum.
1460 407 1520 466 349

372 572 470 661 plum
485 580 551 656 est,
570 572 661 660 quod
676 573 779 640 homo
794 574 887 640 idem
903 573 1031 640 dicitur
1047 574 1233 640 calefacere
1252 582 1288 641 et
1302 574 1516 663 frigefacere,

373 697 523 764 calefieri
546 704 581 764 et
602 697 783 785 frigefieri,
804 720 1008 785 componere
1035 705 1070 764 et
1099 698 1270 784 dividere,
1298 701 1459 787 componi
1483 708 1517 766 et

372 821 496 907 dividi3
516 823 600 890 item
620 823 770 891 calidum
790 822 974 889 calefacere
998 831 1033 889 et
1051 832 1172 890 contra
1190 823 1360 911 frigidum
1377 824 1519 911 frigefa-

373 968 461 1032 cere,
483 949 487 1031 Ι
508 947 658 1014 calidum
677 949 867 1032 resolvere,
886 947 1054 1035 frigidum
1074 949 1273 1036 inspissare.
1542 952 1689 1016 55OE

327 1067 348 1132 5
461 1092 496 1133 a.
516 1072 595 1140 Stat
614 1096 695 1161 ergo
715 1074 752 1140 in
772 1074 917 1162 sphaera
936 1074 1118 1161 agibilium
1143 1082 1178 1141 et
1195 1076 1426 1164 passibilium,
1457 1100 1516 1145 seu

371 1182 565 1265 activorum
594 1207 630 1265 et
648 1200 881 1288 passivorum,
910 1222 950 1265 ea
979 1207 1118 1266 tantum
1148 1223 1221 1267 esse
1252 1224 1339 1286 quae
1369 1200 1514 1270 formam

370 1322 501 1389 habent
530 1324 568 1390 in
598 1325 756 1409 materia,
781 1332 816 1391 et
839 1346 909 1392 non
936 1326 1047 1392 solum
1077 1325 1155 1410 hoc,
1178 1348 1300 1392 verum
1324 1349 1460 1413 quoque
1479 1328 1516 1394 in

371 1447 489 1515 eadem
508 1449 663 1516 materia.
683 1450 830 1516 Formae
848 1472 943 1534 vero,
963 1472 1109 1536 quarum
1133 1451 1331 1518 substantia
1349 1474 1420 1518 non
1439 1475 1518 1519 con·

370 1573 465 1641 sistit
486 1574 526 1640 in
540 1569 706 1658 materia,
737 1575 773 1640 id
803 1582 855 1642 est
882 1598 1028 1662 quarum
1052 1599 1124 1643 esse
1143 1584 1195 1642 est
1214 1577 1424 1662 absolutum,
1444 1579 1517 1644 sive

306 1698 349 1763 10
370 1699 503 1787 logicae
531 1700 604 1768 sint
631 1703 703 1767 sive
739 1701 996 1790 metaphysicae
1035 1702 1108 1768 sive
1138 1702 1416 1787 mathematicae,
1446 1726 1517 1771 non

369 1832 451 1891 sunt
470 1827 604 1893 activae
627 1849 739 1913 neque
757 1827 927 1915 passivae,
948 1835 1198 1913 consequenter
1217 1850 1329 1914 neque
1348 1836 1517 1895 transmu-

368 1949 507 2037 tabiles,
532 1959 567 2017 et
590 1951 731 2018 taudem
753 1974 866 2038 neque
891 1953 1106 2039 generabiles
1134 1976 1246 2039 neque
1273 1954 1515 2041 corruptibiles

368 2098 479 2162 neque
498 2077 569 2144 ulla
588 2078 723 2145 ratione
739 2079 997 2162 convertibiles,
1012 2077 1072 2146 sed
1087 2086 1148 2146 aut
1163 2085 1246 2145 sunt
1259 2087 1319 2146 aut
1335 2099 1405 2144 non
1421 2087 1514 2145 sunt.

634 2322 731 2362 Burnum
746 2323 880 2373 profundius
894 2323 959 2364 luxu
973 2324 1098 2364 Democriti
1112 2324 1252 2364 sententiam

604 2393 716 2442 quomodo
730 2394 803 2435 ntmlle
818 2397 871 2443 agat
884 2393 909 2434 ln
922 2393 997 2435 almlle
1011 2397 1035 2436 et
1048 2396 1149 2445 patratur
1164 2407 1178 2435 a
1192 2396 1275 2437 simila.

454 2579 534 2646 Non
553 2580 664 2646 solum
682 2580 721 2645 in
740 2600 779 2645 eo
798 2580 1028 2647 insistendum
1052 2590 1103 2647 est
1127 2581 1221 2666 quod
1239 2581 1356 2668 inquit
1378 2582 1512 2650 Aristo-

366 2706 463 2787 teles,
492 2707 552 2791 qui
579 2706 725 2772 fortasse
753 2728 875 2794 parum
906 2708 944 2772 in
974 2707 1196 2793 antiquorum
1226 2707 1510 2796 philosophorum

365 2854 467 2898 sensu
485 2830 724 2919 profundavit,
750 2832 809 2898 sed
836 2832 981 2898 ulterius
1007 2839 1061 2897 est
1084 2832 1388 2919 contemplandum
1419 2834 1509 2899 circa

365 2958 535 3023 actionem
556 2966 591 3022 et
609 2957 818 3044 passionem,
839 2957 1065 3044 perfectivam
1090 2964 1125 3022 et
1143 2957 1404 3041 destructivam,
1423 2981 1510 3043 spirae

300 3096 346 3161 20
364 3093 446 3150 suut
463 3083 501 3149 in
518 3085 629 3150 rebus.
652 3083 827 3161 Qiraedam
847 3084 939 3149 enim
959 3091 1057 3166 saint,
1078 3106 1166 3169 quae
1186 3091 1306 3150 mutuo
1330 3108 1365 3150 se
1396 3086 1510 3170 expel-

362 3211 453 3293 lunt,
469 3216 508 3276 ut
528 3210 671 3275 eandem
690 3216 859 3296 occupent
878 3209 1071 3292 materiam,
1092 3216 1126 3274 et
1144 3210 1211 3274 ista
1231 3216 1313 3275 sunt
1330 3211 1506 3275 contraria

362 3334 550 3400 secundum
569 3335 730 3416 formam,
748 3334 916 3419 quaedam
932 3334 1105 3400 contraria
1123 3335 1310 3400 secundum
1332 3335 1336 3422 Ι
1357 3334 1504 3400 formam
1532 3339 1620 3403 56r
1634 3342 1680 3404 Β

361 3468 498 3525 tantum
518 3466 552 3525 et
572 3459 698 3525 similia
718 3459 906 3525 secundum
925 3459 1115 3526 materiam.
1133 3459 1308 3538 Quaedam
1335 3482 1417 3526 vero
1441 3459 1508 3525 sibi

361 3596 482 3655 mutuo
511 3596 697 3655 occurrunt
727 3597 762 3654 et
789 3587 946 3671 obviant,
972 3597 1012 3655 ut
1040 3589 1188 3653 alterurn
1216 3588 1254 3653 in
1280 3588 1429 3652 alterum
1458 3586 1509 3652 in·

295 3727 338 3791 25
361 3715 451 3781 verti
476 3714 594 3801 cupiat
615 3714 619 3802 l
640 3721 675 3780 et
699 3714 801 3779 l'acile
824 3688 1033 3794 invertatur,
1058 3722 1092 3779 et
1115 3713 1200 3779 haec
1224 3712 1351 3778 similia
1371 3719 1453 3778 sunt
1473 3717 1507 3777 et
1531 3715 1622 3777 40r
1637 3714 1673 3778 0

362 3840 550 3906 secundum
576 3840 724 3905 formam
742 3847 777 3905 et
796 3839 984 3906 secundum
1004 3840 1199 3920 materiam,
1221 3845 1260 3904 ut
1289 3837 1446 3903 videmus
1470 3837 1507 3901 in

361 3966 570 4032 animalibus
601 3965 752 4032 eiusdem
783 3965 928 4052 speciei,
960 3964 1043 4028 item
1073 3963 1110 4028 in
1133 3963 1187 4028 his
1208 3985 1295 4047 quae
1315 3961 1507 4027 inanimata

361 4098 562 4174 censentur3
593 4092 812 4179 persequitur
847 4090 940 4155 enim
977 4112 1119 4176 magnes
1151 4089 1280 4153 t'errum
1313 4094 1347 4152 et
1377 4085 1507 4151 ferrum

361 4226 573 4305 magnetem,
594 4217 646 4284 ita
665 4224 705 4282 ut
733 4224 849 4304 partes
881 4216 1051 4303 quaedam
1071 4214 1265 4281 invisibiles
1284 4235 1344 4279 seu
1363 4211 1506 4299 spiritus

451 4483 467 4531 9
483 4497 606 4549 quornm
620 4481 647 4531 E
708 4480 740 4530 28
752 4496 808 4544 sqq.
823 4482 858 4542 cf.
873 4479 915 4529 Dc
929 4480 1054 4545 staplas.
1070 4480 1116 4529 640
1134 4495 1189 4543 sqq.
1205 4477 1272 4542 (cod.
1289 4475 1322 4540 0)
