<?xml version="1.0" encoding="UTF-8"?>
<!DOCTYPE html PUBLIC "-//W3C//DTD XHTML 1.0 Transitional//EN"
    "http://www.w3.org/TR/xhtml1/DTD/xhtml1-transitional.dtd">
<html xmlns="http://www.w3.org/1999/xhtml" xml:lang="en" lang="en">
 <head>
  <title>
</title>
<meta http-equiv="Content-Type" content="text/html;charset=utf-8" />
  <meta name='ocr-system' content='tesseract 3.04.00' />
  <meta name='ocr-capabilities' content='ocr_page ocr_carea ocr_par ocr_line ocrx_word'/>
</head>
<body>
  <div class='ocr_page' id='page_1' title='image "./jordanibruninol05brungoog_0535.png"; bbox 0 0 3488 5108; ppageno 0'>
   <div class='ocr_carea' id='block_1_1' title="bbox 294 422 998 482">
    <p class='ocr_par' dir='ltr' id='par_1_1' title="bbox 294 422 998 482">
     <span class='ocr_line' id='line_1_1' title="bbox 294 422 998 482; baseline -0.006 0"><span class='ocrx_word' id='word_1_1' title='bbox 294 422 353 482; x_wconf 83' lang='grc'><strong>468</strong></span> <span class='ocrx_word' id='word_1_2' title='bbox 738 434 876 480; x_wconf 80' lang='lat' dir='ltr'><strong>ronnaur</strong></span> <span class='ocrx_word' id='word_1_3' title='bbox 896 434 998 480; x_wconf 77' lang='lat' dir='ltr'><strong>savar</strong></span> 
     </span>
    </p>
   </div>
   <div class='ocr_carea' id='block_1_2' title="bbox 233 587 1439 1742">
    <p class='ocr_par' dir='ltr' id='par_1_2' title="bbox 293 587 1435 991">
     <span class='ocr_line' id='line_1_2' title="bbox 293 587 1433 671; baseline -0.003 -19"><span class='ocrx_word' id='word_1_4' title='bbox 293 592 471 671; x_wconf 89' lang='lat' dir='ltr'><strong>principium</strong></span> <span class='ocrx_word' id='word_1_5' title='bbox 480 592 570 669; x_wconf 81' lang='lat' dir='ltr'><strong>ignis,</strong></span> <span class='ocrx_word' id='word_1_6' title='bbox 583 611 643 650; x_wconf 91' lang='lat' dir='ltr'><strong>uon</strong></span> <span class='ocrx_word' id='word_1_7' title='bbox 655 611 670 651; x_wconf 91' lang='lat' dir='ltr'><strong>e</strong></span> <span class='ocrx_word' id='word_1_8' title='bbox 683 598 788 650; x_wconf 86' lang='lat' dir='ltr'><strong>contra</strong></span> <span class='ocrx_word' id='word_1_9' title='bbox 798 592 837 650; x_wconf 86' lang='lat' dir='ltr'><strong>ab</strong></span> <span class='ocrx_word' id='word_1_10' title='bbox 850 591 920 667; x_wconf 85' lang='lat' dir='ltr'><strong>igue</strong></span> <span class='ocrx_word' id='word_1_11' title='bbox 935 589 1103 667; x_wconf 79' lang='lat' dir='ltr'><strong>procedens</strong></span> <span class='ocrx_word' id='word_1_12' title='bbox 1115 588 1257 649; x_wconf 86' lang='lat' dir='ltr'><strong>accidens</strong></span> <span class='ocrx_word' id='word_1_13' title='bbox 1272 587 1433 664; x_wconf 85' lang='lat' dir='ltr'><strong>quoddam.</strong></span> 
     </span>
     <span class='ocr_line' id='line_1_3' title="bbox 293 696 1433 777; baseline -0.002 -18"><span class='ocrx_word' id='word_1_14' title='bbox 293 703 395 777; x_wconf 80' lang='lat' dir='ltr'><strong>Atque</strong></span> <span class='ocrx_word' id='word_1_15' title='bbox 412 701 469 761; x_wconf 91' lang='lat' dir='ltr'><strong>hoc</strong></span> <span class='ocrx_word' id='word_1_16' title='bbox 487 709 534 760; x_wconf 90' lang='lat' dir='ltr'><strong>est</strong></span> <span class='ocrx_word' id='word_1_17' title='bbox 555 698 749 759; x_wconf 84' lang='lat' dir='ltr'><strong>manifestum</strong></span> <span class='ocrx_word' id='word_1_18' title='bbox 766 699 796 758; x_wconf 92' lang='lat' dir='ltr'><strong>in</strong></span> <span class='ocrx_word' id='word_1_19' title='bbox 814 699 947 777; x_wconf 82' lang='lat' dir='ltr'><strong>speculis</strong></span> <span class='ocrx_word' id='word_1_20' title='bbox 968 698 1189 777; x_wconf 83' lang='lat' dir='ltr'><strong>excipientibus</strong></span> <span class='ocrx_word' id='word_1_21' title='bbox 1215 697 1319 758; x_wconf 88' lang='lat' dir='ltr'><strong>radios</strong></span> <span class='ocrx_word' id='word_1_22' title='bbox 1345 696 1433 775; x_wconf 90' lang='lat' dir='ltr'><strong>solis,</strong></span> 
     </span>
     <span class='ocr_line' id='line_1_4' title="bbox 294 804 1433 884; baseline -0.004 -17"><span class='ocrx_word' id='word_1_23' title='bbox 294 827 370 883; x_wconf 88' lang='lat' dir='ltr'><strong>quos</strong></span> <span class='ocrx_word' id='word_1_24' title='bbox 385 808 416 866; x_wconf 88' lang='lat' dir='ltr'><strong>in</strong></span> <span class='ocrx_word' id='word_1_25' title='bbox 434 807 615 884; x_wconf 85' lang='lat' dir='ltr'><strong>profundum</strong></span> <span class='ocrx_word' id='word_1_26' title='bbox 634 815 666 866; x_wconf 89' lang='lat' dir='ltr'><strong>et</strong></span> <span class='ocrx_word' id='word_1_27' title='bbox 681 807 877 866; x_wconf 87' lang='lat' dir='ltr'><strong>tenebrosum</strong></span> <span class='ocrx_word' id='word_1_28' title='bbox 895 806 1058 866; x_wconf 83' lang='lat' dir='ltr'><strong>adversum</strong></span> <span class='ocrx_word' id='word_1_29' title='bbox 1075 807 1196 867; x_wconf 87' lang='lat' dir='ltr'><strong>alveum</strong></span> <span class='ocrx_word' id='word_1_30' title='bbox 1217 804 1433 879; x_wconf 79' lang='lat' dir='ltr'><strong>immittentes,</strong></span> 
     </span>
     <span class='ocr_line' id='line_1_5' title="bbox 294 913 1435 991; baseline 0 -19"><span class='ocrx_word' id='word_1_31' title='bbox 294 914 447 974; x_wconf 80' lang='lat' dir='ltr'><strong>mediante</strong></span> <span class='ocrx_word' id='word_1_32' title='bbox 463 914 682 974; x_wconf 83' lang='lat' dir='ltr'><strong>illuminatione</strong></span> <span class='ocrx_word' id='word_1_33' title='bbox 700 915 844 974; x_wconf 85' lang='lat' dir='ltr'><strong>virtutem</strong></span> <span class='ocrx_word' id='word_1_34' title='bbox 862 913 991 973; x_wconf 86' lang='lat' dir='ltr'><strong>calidam</strong></span> <span class='ocrx_word' id='word_1_35' title='bbox 1009 913 1222 991; x_wconf 87' lang='lat' dir='ltr'><strong>imprimendo,</strong></span> <span class='ocrx_word' id='word_1_36' title='bbox 1241 932 1369 991; x_wconf 86' lang='lat' dir='ltr'><strong>corpora</strong></span> <span class='ocrx_word' id='word_1_37' title='bbox 1386 932 1435 972; x_wconf 89' lang='lat' dir='ltr'><strong>ca·</strong></span> 
     </span>
    </p>

    <p class='ocr_par' dir='ltr' id='par_1_3' title="bbox 251 1020 1437 1527">
     <span class='ocr_line' id='line_1_6' title="bbox 251 1020 1435 1098; baseline -0.001 -17"><span class='ocrx_word' id='word_1_38' title='bbox 251 1027 272 1089; x_wconf 79' lang='lat'>5</span> <span class='ocrx_word' id='word_1_39' title='bbox 294 1022 442 1082; x_wconf 87' lang='lat' dir='ltr'><strong>lefaciunt</strong></span> <span class='ocrx_word' id='word_1_40' title='bbox 458 1031 490 1081; x_wconf 91' lang='lat' dir='ltr'><strong>et</strong></span> <span class='ocrx_word' id='word_1_41' title='bbox 507 1021 646 1080; x_wconf 89' lang='lat' dir='ltr'><strong>adurunt.</strong></span> <span class='ocrx_word' id='word_1_42' title='bbox 663 1020 724 1080; x_wconf 89' lang='lat' dir='ltr'><strong>Ubi</strong></span> <span class='ocrx_word' id='word_1_43' title='bbox 741 1040 801 1080; x_wconf 88' lang='lat' dir='ltr'><strong>nou</strong></span> <span class='ocrx_word' id='word_1_44' title='bbox 818 1021 1062 1081; x_wconf 66' lang='lat' dir='ltr'><strong>cst‘verisimilis</strong></span> <span class='ocrx_word' id='word_1_45' title='bbox 1090 1021 1251 1098; x_wconf 87' lang='lat' dir='ltr'><strong>impressio</strong></span> <span class='ocrx_word' id='word_1_46' title='bbox 1278 1020 1355 1081; x_wconf 89' lang='lat' dir='ltr'><strong>lucis</strong></span> <span class='ocrx_word' id='word_1_47' title='bbox 1379 1041 1435 1098; x_wconf 86' lang='lat' dir='ltr'><strong>per</strong></span> 
     </span>
     <span class='ocr_line' id='line_1_7' title="bbox 295 1126 1437 1206; baseline -0.002 -17"><span class='ocrx_word' id='word_1_48' title='bbox 295 1131 439 1205; x_wconf 87' lang='lat' dir='ltr'><strong>calorem,</strong></span> <span class='ocrx_word' id='word_1_49' title='bbox 458 1128 513 1188; x_wconf 85' lang='lat' dir='ltr'><strong>sed</strong></span> <span class='ocrx_word' id='word_1_50' title='bbox 529 1128 639 1188; x_wconf 88' lang='lat' dir='ltr'><strong>caloris</strong></span> <span class='ocrx_word' id='word_1_51' title='bbox 655 1148 711 1206; x_wconf 91' lang='lat' dir='ltr'><strong>per</strong></span> <span class='ocrx_word' id='word_1_52' title='bbox 728 1128 838 1203; x_wconf 88' lang='lat' dir='ltr'><strong>lucem,</strong></span> <span class='ocrx_word' id='word_1_53' title='bbox 856 1147 952 1204; x_wconf 90' lang='lat' dir='ltr'><strong>neque</strong></span> <span class='ocrx_word' id='word_1_54' title='bbox 970 1126 1081 1187; x_wconf 85' lang='lat' dir='ltr'><strong>caloris</strong></span> <span class='ocrx_word' id='word_1_55' title='bbox 1109 1148 1178 1187; x_wconf 88' lang='lat' dir='ltr'><strong>oum</strong></span> <span class='ocrx_word' id='word_1_56' title='bbox 1205 1128 1287 1205; x_wconf 91' lang='lat' dir='ltr'><strong>luce,</strong></span> <span class='ocrx_word' id='word_1_57' title='bbox 1317 1127 1371 1189; x_wconf 90' lang='lat' dir='ltr'><strong>sed</strong></span> <span class='ocrx_word' id='word_1_58' title='bbox 1391 1148 1437 1188; x_wconf 87' lang='lat' dir='ltr'><strong>ca·</strong></span> 
     </span>
     <span class='ocr_line' id='line_1_8' title="bbox 295 1234 1436 1313; baseline 0.001 -19"><span class='ocrx_word' id='word_1_59' title='bbox 295 1236 370 1295; x_wconf 87' lang='lat' dir='ltr'><strong>loris</strong></span> <span class='ocrx_word' id='word_1_60' title='bbox 391 1256 408 1294; x_wconf 92' lang='lat' dir='ltr'><strong>a</strong></span> <span class='ocrx_word' id='word_1_61' title='bbox 426 1236 505 1308; x_wconf 90' lang='lat' dir='ltr'><strong>luce;</strong></span> <span class='ocrx_word' id='word_1_62' title='bbox 524 1235 601 1293; x_wconf 89' lang='lat' dir='ltr'><strong>ratio</strong></span> <span class='ocrx_word' id='word_1_63' title='bbox 619 1234 698 1294; x_wconf 90' lang='lat' dir='ltr'><strong>enim</strong></span> <span class='ocrx_word' id='word_1_64' title='bbox 713 1235 908 1294; x_wconf 88' lang='lat' dir='ltr'><strong>elementaris</strong></span> <span class='ocrx_word' id='word_1_65' title='bbox 925 1235 1035 1294; x_wconf 87' lang='lat' dir='ltr'><strong>caloris</strong></span> <span class='ocrx_word' id='word_1_66' title='bbox 1054 1243 1177 1295; x_wconf 90' lang='lat' dir='ltr'><strong>nonest</strong></span> <span class='ocrx_word' id='word_1_67' title='bbox 1198 1242 1232 1294; x_wconf 87' lang='lat' dir='ltr'><strong>ut</strong></span> <span class='ocrx_word' id='word_1_68' title='bbox 1257 1245 1385 1313; x_wconf 87' lang='lat' dir='ltr'><strong>repente</strong></span> <span class='ocrx_word' id='word_1_69' title='bbox 1401 1254 1436 1295; x_wconf 89' lang='lat' dir='ltr'><strong>se</strong></span> 
     </span>
     <span class='ocr_line' id='line_1_9' title="bbox 295 1341 1436 1421; baseline 0 -18"><span class='ocrx_word' id='word_1_70' title='bbox 295 1343 415 1419; x_wconf 81' lang='lat' dir='ltr'><strong>ingeret</strong></span> <span class='ocrx_word' id='word_1_71' title='bbox 435 1343 464 1400; x_wconf 90' lang='lat' dir='ltr'><strong>in</strong></span> <span class='ocrx_word' id='word_1_72' title='bbox 479 1361 626 1419; x_wconf 81' lang='lat' dir='ltr'><strong>corpore,</strong></span> <span class='ocrx_word' id='word_1_73' title='bbox 648 1341 704 1400; x_wconf 90' lang='lat' dir='ltr'><strong>sed</strong></span> <span class='ocrx_word' id='word_1_74' title='bbox 725 1361 793 1400; x_wconf 90' lang='lat' dir='ltr'><strong>cum</strong></span> <span class='ocrx_word' id='word_1_75' title='bbox 817 1350 956 1419; x_wconf 88' lang='lat' dir='ltr'><strong>tempore</strong></span> <span class='ocrx_word' id='word_1_76' title='bbox 978 1350 1008 1402; x_wconf 90' lang='lat' dir='ltr'><strong>et</strong></span> <span class='ocrx_word' id='word_1_77' title='bbox 1029 1343 1232 1402; x_wconf 88' lang='lat' dir='ltr'><strong>successione.</strong></span> <span class='ocrx_word' id='word_1_78' title='bbox 1258 1343 1342 1419; x_wconf 82' lang='lat' dir='ltr'><strong>Ergo</strong></span> <span class='ocrx_word' id='word_1_79' title='bbox 1368 1341 1436 1421; x_wconf 85' lang='lat' dir='ltr'><strong>ipsc</strong></span> 
     </span>
     <span class='ocr_line' id='line_1_10' title="bbox 296 1448 1437 1527; baseline -0.002 -17"><span class='ocrx_word' id='word_1_80' title='bbox 296 1452 393 1510; x_wconf 91' lang='lat' dir='ltr'><strong>lucem</strong></span> <span class='ocrx_word' id='word_1_81' title='bbox 409 1449 503 1510; x_wconf 88' lang='lat' dir='ltr'><strong>habet</strong></span> <span class='ocrx_word' id='word_1_82' title='bbox 519 1448 687 1526; x_wconf 79' lang='lat' dir='ltr'><strong>praeviam,</strong></span> <span class='ocrx_word' id='word_1_83' title='bbox 702 1469 763 1507; x_wconf 92' lang='lat' dir='ltr'><strong>uon</strong></span> <span class='ocrx_word' id='word_1_84' title='bbox 777 1457 878 1509; x_wconf 88' lang='lat' dir='ltr'><strong>autem</strong></span> <span class='ocrx_word' id='word_1_85' title='bbox 892 1449 959 1526; x_wconf 90' lang='lat' dir='ltr'><strong>ipse</strong></span> <span class='ocrx_word' id='word_1_86' title='bbox 977 1459 1025 1509; x_wconf 89' lang='lat' dir='ltr'><strong>est</strong></span> <span class='ocrx_word' id='word_1_87' title='bbox 1041 1449 1100 1508; x_wconf 93' lang='lat' dir='ltr'><strong>luci</strong></span> <span class='ocrx_word' id='word_1_88' title='bbox 1120 1450 1277 1527; x_wconf 86' lang='lat' dir='ltr'><strong>praevius;</strong></span> <span class='ocrx_word' id='word_1_89' title='bbox 1294 1458 1328 1509; x_wconf 90' lang='lat' dir='ltr'><strong>ut</strong></span> <span class='ocrx_word' id='word_1_90' title='bbox 1345 1449 1437 1510; x_wconf 87' lang='lat' dir='ltr'><strong>etiam</strong></span> 
     </span>
    </p>

    <p class='ocr_par' dir='ltr' id='par_1_4' title="bbox 233 1556 1439 1742">
     <span class='ocr_line' id='line_1_11' title="bbox 233 1556 1439 1635; baseline 0 -17"><span class='ocrx_word' id='word_1_91' title='bbox 233 1566 273 1630; x_wconf 89' lang='lat'><strong>10</strong></span> <span class='ocrx_word' id='word_1_92' title='bbox 296 1578 351 1634; x_wconf 87' lang='lat' dir='ltr'><strong>per</strong></span> <span class='ocrx_word' id='word_1_93' title='bbox 367 1577 401 1618; x_wconf 89' lang='lat' dir='ltr'><strong>se</strong></span> <span class='ocrx_word' id='word_1_94' title='bbox 415 1566 463 1617; x_wconf 90' lang='lat' dir='ltr'><strong>est</strong></span> <span class='ocrx_word' id='word_1_95' title='bbox 477 1556 685 1634; x_wconf 88' lang='lat' dir='ltr'><strong>manifestum,</strong></span> <span class='ocrx_word' id='word_1_96' title='bbox 699 1556 770 1632; x_wconf 86' lang='lat' dir='ltr'><strong>quia</strong></span> <span class='ocrx_word' id='word_1_97' title='bbox 786 1577 913 1634; x_wconf 86' lang='lat' dir='ltr'><strong>corpora</strong></span> <span class='ocrx_word' id='word_1_98' title='bbox 931 1557 1015 1635; x_wconf 90' lang='lat' dir='ltr'><strong>prius</strong></span> <span class='ocrx_word' id='word_1_99' title='bbox 1033 1556 1242 1616; x_wconf 88' lang='lat' dir='ltr'><strong>illuminantur</strong></span> <span class='ocrx_word' id='word_1_100' title='bbox 1258 1576 1347 1631; x_wconf 90' lang='lat' dir='ltr'><strong>quam</strong></span> <span class='ocrx_word' id='word_1_101' title='bbox 1362 1556 1439 1618; x_wconf 86' lang='lat' dir='ltr'><strong>cale·</strong></span> 
     </span>
     <span class='ocr_line' id='line_1_12' title="bbox 295 1663 1238 1742; baseline -0.001 -18"><span class='ocrx_word' id='word_1_102' title='bbox 295 1666 381 1741; x_wconf 85' lang='lat' dir='ltr'><strong>fiant,</strong></span> <span class='ocrx_word' id='word_1_103' title='bbox 401 1674 432 1724; x_wconf 92' lang='lat' dir='ltr'><strong>et</strong></span> <span class='ocrx_word' id='word_1_104' title='bbox 448 1664 532 1742; x_wconf 91' lang='lat' dir='ltr'><strong>prior</strong></span> <span class='ocrx_word' id='word_1_105' title='bbox 547 1663 628 1741; x_wconf 83' lang='lat' dir='ltr'><strong>iguis</strong></span> <span class='ocrx_word' id='word_1_106' title='bbox 643 1672 691 1723; x_wconf 91' lang='lat' dir='ltr'><strong>est</strong></span> <span class='ocrx_word' id='word_1_107' title='bbox 707 1663 901 1741; x_wconf 89' lang='lat' dir='ltr'><strong>participatio</strong></span> <span class='ocrx_word' id='word_1_108' title='bbox 916 1664 993 1725; x_wconf 89' lang='lat' dir='ltr'><strong>lucis</strong></span> <span class='ocrx_word' id='word_1_109' title='bbox 1011 1684 1100 1740; x_wconf 89' lang='lat' dir='ltr'><strong>quam</strong></span> <span class='ocrx_word' id='word_1_110' title='bbox 1119 1665 1238 1723; x_wconf 86' lang='lat' dir='ltr'><strong>caloris.</strong></span> 
     </span>
    </p>
   </div>
   <div class='ocr_carea' id='block_1_3' title="bbox 801 1868 1617 1937">
    <p class='ocr_par' dir='ltr' id='par_1_5' title="bbox 801 1868 1617 1937">
     <span class='ocr_line' id='line_1_13' title="bbox 801 1868 1617 1937; baseline 0.006 -5"><span class='ocrx_word' id='word_1_111' title='bbox 801 1868 934 1935; x_wconf 88' lang='lat' dir='ltr'>XVIII.</span> <span class='ocrx_word' id='word_1_112' title='bbox 1056 1928 1058 1932; x_wconf 80' lang='grc'>,</span> <span class='ocrx_word' id='word_1_113' title='bbox 1463 1874 1559 1937; x_wconf 62' lang='grc'><strong>80*</strong></span> <span class='ocrx_word' id='word_1_114' title='bbox 1579 1872 1617 1936; x_wconf 79' lang='lat' dir='ltr'><strong><em>G</em></strong></span> 
     </span>
    </p>
   </div>
   <div class='ocr_carea' id='block_1_4' title="bbox 234 2053 1437 2388">
    <p class='ocr_par' dir='ltr' id='par_1_6' title="bbox 234 2053 1437 2388">
     <span class='ocr_line' id='line_1_14' title="bbox 386 2053 1437 2141; baseline 0.001 -22"><span class='ocrx_word' id='word_1_115' title='bbox 386 2054 523 2141; x_wconf 85' lang='lat' dir='ltr'><strong>Duplex</strong></span> <span class='ocrx_word' id='word_1_116' title='bbox 545 2060 596 2119; x_wconf 86' lang='lat' dir='ltr'><strong>est</strong></span> <span class='ocrx_word' id='word_1_117' title='bbox 615 2061 728 2119; x_wconf 89' lang='lat' dir='ltr'><strong>motus</strong></span> <span class='ocrx_word' id='word_1_118' title='bbox 751 2053 938 2119; x_wconf 86' lang='lat' dir='ltr'><strong>naturalis:</strong></span> <span class='ocrx_word' id='word_1_119' title='bbox 958 2061 1072 2119; x_wconf 83' lang='lat' dir='ltr'><strong>rectus</strong></span> <span class='ocrx_word' id='word_1_120' title='bbox 1096 2062 1131 2119; x_wconf 88' lang='lat' dir='ltr'><strong>et</strong></span> <span class='ocrx_word' id='word_1_121' title='bbox 1155 2055 1342 2122; x_wconf 86' lang='lat' dir='ltr'><strong>circularis.</strong></span> <span class='ocrx_word' id='word_1_122' title='bbox 1363 2058 1437 2121; x_wconf 89' lang='lat' dir='ltr'><strong>Pri·</strong></span> 
     </span>
     <span class='ocr_line' id='line_1_15' title="bbox 297 2178 1437 2264; baseline 0.004 -21"><span class='ocrx_word' id='word_1_123' title='bbox 297 2202 373 2243; x_wconf 86' lang='lat' dir='ltr'><strong>mus</strong></span> <span class='ocrx_word' id='word_1_124' title='bbox 391 2186 443 2242; x_wconf 88' lang='lat' dir='ltr'><strong>est</strong></span> <span class='ocrx_word' id='word_1_125' title='bbox 461 2201 575 2242; x_wconf 90' lang='lat' dir='ltr'><strong>rerum</strong></span> <span class='ocrx_word' id='word_1_126' title='bbox 593 2178 803 2244; x_wconf 83' lang='lat' dir='ltr'><strong>naturalium</strong></span> <span class='ocrx_word' id='word_1_127' title='bbox 834 2201 904 2244; x_wconf 91' lang='lat' dir='ltr'><strong>non</strong></span> <span class='ocrx_word' id='word_1_128' title='bbox 930 2178 1136 2244; x_wconf 86' lang='lat' dir='ltr'><strong>naturaliter</strong></span> <span class='ocrx_word' id='word_1_129' title='bbox 1156 2179 1437 2264; x_wconf 85' lang='lat' dir='ltr'><strong>constitutarum,</strong></span> 
     </span>
     <span class='ocr_line' id='line_1_16' title="bbox 234 2302 1435 2388; baseline 0.005 -22"><span class='ocrx_word' id='word_1_130' title='bbox 234 2302 274 2366; x_wconf 81' lang='lat' dir='ltr'><strong>lb</strong></span> <span class='ocrx_word' id='word_1_131' title='bbox 297 2302 465 2368; x_wconf 84' lang='lat' dir='ltr'><strong>secundus</strong></span> <span class='ocrx_word' id='word_1_132' title='bbox 477 2327 558 2369; x_wconf 82' lang='lat' dir='ltr'><strong>vero</strong></span> <span class='ocrx_word' id='word_1_133' title='bbox 574 2325 688 2368; x_wconf 89' lang='lat' dir='ltr'><strong>rerum</strong></span> <span class='ocrx_word' id='word_1_134' title='bbox 704 2303 915 2369; x_wconf 84' lang='lat' dir='ltr'><strong>naturalium</strong></span> <span class='ocrx_word' id='word_1_135' title='bbox 931 2302 1137 2370; x_wconf 85' lang='lat' dir='ltr'><strong>naturaliter</strong></span> <span class='ocrx_word' id='word_1_136' title='bbox 1151 2305 1435 2388; x_wconf 88' lang='lat' dir='ltr'><strong>constitutarum;</strong></span> 
     </span>
    </p>
   </div>
   <div class='ocr_carea' id='block_1_5' title="bbox 296 2427 1435 2519">
    <p class='ocr_par' dir='ltr' id='par_1_7' title="bbox 296 2427 1435 2519">
     <span class='ocr_line' id='line_1_17' title="bbox 296 2427 1435 2519; baseline 0.001 -24"><span class='ocrx_word' id='word_1_137' title='bbox 296 2429 428 2516; x_wconf 89' lang='lat' dir='ltr'><strong>primus</strong></span> <span class='ocrx_word' id='word_1_138' title='bbox 451 2430 555 2492; x_wconf 86' lang='lat' dir='ltr'><strong>etiam</strong></span> <span class='ocrx_word' id='word_1_139' title='bbox 574 2436 626 2494; x_wconf 87' lang='lat' dir='ltr'><strong>est</strong></span> <span class='ocrx_word' id='word_1_140' title='bbox 644 2450 758 2493; x_wconf 86' lang='lat' dir='ltr'><strong>rerum</strong></span> <span class='ocrx_word' id='word_1_141' title='bbox 776 2427 988 2493; x_wconf 89' lang='lat' dir='ltr'><strong>naturalium</strong></span> <span class='ocrx_word' id='word_1_142' title='bbox 1008 2429 1130 2495; x_wconf 89' lang='lat' dir='ltr'><strong>melius</strong></span> <span class='ocrx_word' id='word_1_143' title='bbox 1149 2429 1275 2496; x_wconf 89' lang='lat' dir='ltr'><strong>habere</strong></span> <span class='ocrx_word' id='word_1_144' title='bbox 1299 2431 1435 2519; x_wconf 88' lang='lat' dir='ltr'><strong>cupien-</strong></span> 
     </span>
    </p>
   </div>
   <div class='ocr_carea' id='block_1_6' title="bbox 296 2552 1438 2766">
    <p class='ocr_par' dir='ltr' id='par_1_8' title="bbox 296 2552 1438 2766">
     <span class='ocr_line' id='line_1_18' title="bbox 296 2552 1437 2640; baseline 0.003 -22"><span class='ocrx_word' id='word_1_145' title='bbox 296 2554 401 2636; x_wconf 85' lang='lat' dir='ltr'><strong>tium,</strong></span> <span class='ocrx_word' id='word_1_146' title='bbox 431 2553 599 2618; x_wconf 83' lang='lat' dir='ltr'><strong>secundus</strong></span> <span class='ocrx_word' id='word_1_147' title='bbox 630 2553 716 2617; x_wconf 91' lang='lat' dir='ltr'><strong>beue</strong></span> <span class='ocrx_word' id='word_1_148' title='bbox 748 2552 964 2636; x_wconf 73' lang='lat' dir='ltr'><strong>habentium,</strong></span> <span class='ocrx_word' id='word_1_149' title='bbox 996 2555 1128 2639; x_wconf 89' lang='lat' dir='ltr'><strong>primus</strong></span> <span class='ocrx_word' id='word_1_150' title='bbox 1157 2553 1368 2640; x_wconf 83' lang='lat' dir='ltr'><strong>fugientium</strong></span> <span class='ocrx_word' id='word_1_151' title='bbox 1401 2566 1437 2621; x_wconf 90' lang='lat' dir='ltr'><strong>ct</strong></span> 
     </span>
     <span class='ocr_line' id='line_1_19' title="bbox 298 2679 1438 2766; baseline 0.002 -22"><span class='ocrx_word' id='word_1_152' title='bbox 298 2679 576 2766; x_wconf 86' lang='lat' dir='ltr'><strong>persequentium</strong></span> <span class='ocrx_word' id='word_1_153' title='bbox 596 2679 760 2766; x_wconf 89' lang='lat' dir='ltr'><strong>partium,</strong></span> <span class='ocrx_word' id='word_1_154' title='bbox 779 2679 949 2744; x_wconf 82' lang='lat' dir='ltr'><strong>secundus</strong></span> <span class='ocrx_word' id='word_1_155' title='bbox 978 2702 1058 2744; x_wconf 88' lang='lat' dir='ltr'><strong>vero</strong></span> <span class='ocrx_word' id='word_1_156' title='bbox 1078 2679 1186 2745; x_wconf 90' lang='lat' dir='ltr'><strong>totius</strong></span> <span class='ocrx_word' id='word_1_157' title='bbox 1214 2680 1384 2746; x_wconf 78' lang='lat' dir='ltr'><strong>dirutaxat</strong></span> <span class='ocrx_word' id='word_1_158' title='bbox 1403 2688 1438 2747; x_wconf 88' lang='lat' dir='ltr'><strong>et</strong></span> 
     </span>
    </p>
   </div>
   <div class='ocr_carea' id='block_1_7' title="bbox 298 2805 688 2892">
    <p class='ocr_par' dir='ltr' id='par_1_9' title="bbox 298 2805 688 2892">
     <span class='ocr_line' id='line_1_20' title="bbox 298 2805 688 2892; baseline -0.005 -22"><span class='ocrx_word' id='word_1_159' title='bbox 298 2805 448 2892; x_wconf 88' lang='lat' dir='ltr'><strong>partium</strong></span> <span class='ocrx_word' id='word_1_160' title='bbox 469 2806 507 2869; x_wconf 89' lang='lat' dir='ltr'><strong>iu</strong></span> <span class='ocrx_word' id='word_1_161' title='bbox 526 2828 585 2870; x_wconf 91' lang='lat' dir='ltr'><strong>suo</strong></span> <span class='ocrx_word' id='word_1_162' title='bbox 605 2811 688 2869; x_wconf 86' lang='lat' dir='ltr'><strong>toto.</strong></span> 
     </span>
    </p>
   </div>
   <div class='ocr_carea' id='block_1_8' title="bbox 202 2971 1624 3997">
    <p class='ocr_par' dir='ltr' id='par_1_10' title="bbox 202 2971 1624 3997">
     <span class='ocr_line' id='line_1_21' title="bbox 202 2971 1507 3057; baseline 0.003 -27"><span class='ocrx_word' id='word_1_163' title='bbox 202 2998 207 3009; x_wconf 93' lang='lat'><strong>·</strong></span> <span class='ocrx_word' id='word_1_164' title='bbox 232 2981 276 3044; x_wconf 74' lang='lat'><strong>20</strong></span> <span class='ocrx_word' id='word_1_165' title='bbox 389 2973 489 3031; x_wconf 80' lang='lat' dir='ltr'><strong>Ratio.</strong></span> <span class='ocrx_word' id='word_1_166' title='bbox 503 2972 581 3043; x_wconf 79' lang='lat' dir='ltr'><strong>Quia</strong></span> <span class='ocrx_word' id='word_1_167' title='bbox 592 2971 691 3030; x_wconf 89' lang='lat' dir='ltr'><strong>omnia</strong></span> <span class='ocrx_word' id='word_1_168' title='bbox 702 2971 854 3031; x_wconf 87' lang='lat' dir='ltr'><strong>naturalia</strong></span> <span class='ocrx_word' id='word_1_169' title='bbox 868 2971 898 3029; x_wconf 92' lang='lat' dir='ltr'><strong>in</strong></span> <span class='ocrx_word' id='word_1_170' title='bbox 914 2991 968 3031; x_wconf 89' lang='lat' dir='ltr'><strong>suo</strong></span> <span class='ocrx_word' id='word_1_171' title='bbox 986 2972 1052 3031; x_wconf 92' lang='lat' dir='ltr'><strong>loco</strong></span> <span class='ocrx_word' id='word_1_172' title='bbox 1070 2979 1123 3031; x_wconf 85' lang='lat' dir='ltr'><strong>aut</strong></span> <span class='ocrx_word' id='word_1_173' title='bbox 1140 2971 1299 3048; x_wconf 90' lang='lat' dir='ltr'><strong>quiescunt</strong></span> <span class='ocrx_word' id='word_1_174' title='bbox 1315 2981 1368 3033; x_wconf 91' lang='lat' dir='ltr'><strong>aut</strong></span> <span class='ocrx_word' id='word_1_175' title='bbox 1386 2976 1440 3034; x_wconf 92' lang='lat' dir='ltr'><strong>cir·</strong></span> <span class='ocrx_word' id='word_1_176' title='bbox 1502 3048 1507 3057; x_wconf 27' lang='grc' dir='ltr'>ι</span> 
     </span>
     <span class='ocr_line' id='line_1_22' title="bbox 299 3080 1439 3157; baseline 0.003 -18"><span class='ocrx_word' id='word_1_177' title='bbox 299 3082 442 3139; x_wconf 89' lang='lat' dir='ltr'><strong>culariter·</strong></span> <span class='ocrx_word' id='word_1_178' title='bbox 458 3088 625 3155; x_wconf 86' lang='lat' dir='ltr'><strong>moventur,</strong></span> <span class='ocrx_word' id='word_1_179' title='bbox 645 3087 675 3138; x_wconf 87' lang='lat' dir='ltr'><strong>et</strong></span> <span class='ocrx_word' id='word_1_180' title='bbox 689 3080 841 3154; x_wconf 80' lang='lat' dir='ltr'><strong>integrum</strong></span> <span class='ocrx_word' id='word_1_181' title='bbox 857 3098 975 3156; x_wconf 83' lang='lat' dir='ltr'><strong>corpus,</strong></span> <span class='ocrx_word' id='word_1_182' title='bbox 988 3088 1021 3139; x_wconf 92' lang='lat' dir='ltr'><strong>ut</strong></span> <span class='ocrx_word' id='word_1_183' title='bbox 1038 3081 1138 3154; x_wconf 90' lang='lat' dir='ltr'><strong>tellus,</strong></span> <span class='ocrx_word' id='word_1_184' title='bbox 1157 3082 1236 3157; x_wconf 90' lang='lat' dir='ltr'><strong>luna,</strong></span> <span class='ocrx_word' id='word_1_185' title='bbox 1253 3091 1337 3141; x_wconf 91' lang='lat' dir='ltr'><strong>motu</strong></span> <span class='ocrx_word' id='word_1_186' title='bbox 1355 3093 1439 3142; x_wconf 89' lang='lat' dir='ltr'><strong>recto</strong></span> 
     </span>
     <span class='ocr_line' id='line_1_23' title="bbox 298 3186 1624 3266; baseline 0.005 -20"><span class='ocrx_word' id='word_1_187' title='bbox 298 3208 356 3248; x_wconf 87' lang='lat' dir='ltr'><strong>non</strong></span> <span class='ocrx_word' id='word_1_188' title='bbox 374 3196 524 3262; x_wconf 81' lang='lat' dir='ltr'><strong>movetur,</strong></span> <span class='ocrx_word' id='word_1_189' title='bbox 549 3186 603 3245; x_wconf 88' lang='lat' dir='ltr'><strong>sed</strong></span> <span class='ocrx_word' id='word_1_190' title='bbox 627 3194 730 3263; x_wconf 88' lang='lat' dir='ltr'><strong>partes</strong></span> <span class='ocrx_word' id='word_1_191' title='bbox 746 3187 874 3245; x_wconf 89' lang='lat' dir='ltr'><strong>istorum</strong></span> <span class='ocrx_word' id='word_1_192' title='bbox 896 3206 1055 3263; x_wconf 87' lang='lat' dir='ltr'><strong>corporum</strong></span> <span class='ocrx_word' id='word_1_193' title='bbox 1068 3198 1196 3263; x_wconf 86' lang='lat' dir='ltr'><strong>tautum,</strong></span> <span class='ocrx_word' id='word_1_194' title='bbox 1217 3191 1222 3266; x_wconf 87' lang='grc' dir='ltr'>Ι</span> <span class='ocrx_word' id='word_1_195' title='bbox 1240 3189 1359 3263; x_wconf 88' lang='lat' dir='ltr'><strong>quando</strong></span> <span class='ocrx_word' id='word_1_196' title='bbox 1374 3190 1437 3250; x_wconf 90' lang='lat' dir='ltr'><strong>fue·</strong></span> <span class='ocrx_word' id='word_1_197' title='bbox 1465 3190 1548 3252; x_wconf 67' lang='lat'><strong>31⁹</strong></span> <span class='ocrx_word' id='word_1_198' title='bbox 1568 3191 1624 3253; x_wconf 90' lang='lat' dir='ltr'><strong><em>M</em></strong></span> 
     </span>
     <span class='ocr_line' id='line_1_24' title="bbox 300 3292 1442 3371; baseline 0.003 -18"><span class='ocrx_word' id='word_1_199' title='bbox 300 3296 362 3355; x_wconf 87' lang='lat' dir='ltr'><strong>rint</strong></span> <span class='ocrx_word' id='word_1_200' title='bbox 379 3305 466 3353; x_wconf 82' lang='lat' dir='ltr'><strong>extra</strong></span> <span class='ocrx_word' id='word_1_201' title='bbox 482 3295 636 3371; x_wconf 89' lang='lat' dir='ltr'><strong>propriam</strong></span> <span class='ocrx_word' id='word_1_202' title='bbox 660 3292 776 3367; x_wconf 86' lang='lat' dir='ltr'><strong>sedem,</strong></span> <span class='ocrx_word' id='word_1_203' title='bbox 796 3295 843 3351; x_wconf 88' lang='lat' dir='ltr'><strong>vel</strong></span> <span class='ocrx_word' id='word_1_204' title='bbox 864 3294 984 3367; x_wconf 88' lang='lat' dir='ltr'><strong>quotics</strong></span> <span class='ocrx_word' id='word_1_205' title='bbox 1005 3293 1043 3352; x_wconf 87' lang='lat' dir='ltr'><strong>ad</strong></span> <span class='ocrx_word' id='word_1_206' title='bbox 1072 3294 1169 3353; x_wconf 86' lang='lat' dir='ltr'><strong>locum</strong></span> <span class='ocrx_word' id='word_1_207' title='bbox 1199 3297 1442 3356; x_wconf 89' lang='lat' dir='ltr'><strong>conservationis</strong></span> 
     </span>
     <span class='ocr_line' id='line_1_25' title="bbox 299 3402 1442 3482; baseline 0.001 -19"><span class='ocrx_word' id='word_1_208' title='bbox 299 3405 454 3463; x_wconf 89' lang='lat' dir='ltr'><strong>meliorem</strong></span> <span class='ocrx_word' id='word_1_209' title='bbox 470 3405 638 3481; x_wconf 88' lang='lat' dir='ltr'><strong>appellunt.</strong></span> <span class='ocrx_word' id='word_1_210' title='bbox 657 3402 745 3474; x_wconf 79' lang='lat' dir='ltr'><strong>Quod</strong></span> <span class='ocrx_word' id='word_1_211' title='bbox 764 3413 868 3479; x_wconf 88' lang='lat' dir='ltr'><strong>partes</strong></span> <span class='ocrx_word' id='word_1_212' title='bbox 896 3403 1083 3462; x_wconf 85' lang='lat' dir='ltr'><strong>circulariter</strong></span> <span class='ocrx_word' id='word_1_213' title='bbox 1108 3411 1288 3462; x_wconf 86' lang='lat' dir='ltr'><strong>moveantur</strong></span> <span class='ocrx_word' id='word_1_214' title='bbox 1315 3404 1344 3462; x_wconf 91' lang='lat' dir='ltr'><strong>in</strong></span> <span class='ocrx_word' id='word_1_215' title='bbox 1374 3405 1442 3482; x_wconf 90' lang='lat' dir='ltr'><strong>ipso</strong></span> 
     </span>
     <span class='ocr_line' id='line_1_26' title="bbox 232 3508 1446 3585; baseline 0.001 -16"><span class='ocrx_word' id='word_1_216' title='bbox 232 3508 275 3569; x_wconf 61' lang='grc' dir='ltr'><strong>Ξῖ)</strong></span> <span class='ocrx_word' id='word_1_217' title='bbox 299 3519 376 3585; x_wconf 86' lang='lat' dir='ltr'><strong>toto,</strong></span> <span class='ocrx_word' id='word_1_218' title='bbox 395 3511 590 3569; x_wconf 81' lang='lat' dir='ltr'><strong>manifestum</strong></span> <span class='ocrx_word' id='word_1_219' title='bbox 608 3518 656 3569; x_wconf 89' lang='lat' dir='ltr'><strong>est</strong></span> <span class='ocrx_word' id='word_1_220' title='bbox 678 3511 707 3566; x_wconf 89' lang='lat' dir='ltr'><strong>in</strong></span> <span class='ocrx_word' id='word_1_221' title='bbox 729 3509 903 3568; x_wconf 88' lang='lat' dir='ltr'><strong>fluminibus</strong></span> <span class='ocrx_word' id='word_1_222' title='bbox 926 3517 957 3568; x_wconf 91' lang='lat' dir='ltr'><strong>et</strong></span> <span class='ocrx_word' id='word_1_223' title='bbox 975 3510 1169 3569; x_wconf 87' lang='lat' dir='ltr'><strong>successione</strong></span> <span class='ocrx_word' id='word_1_224' title='bbox 1188 3530 1241 3570; x_wconf 91' lang='lat' dir='ltr'><strong>seu</strong></span> <span class='ocrx_word' id='word_1_225' title='bbox 1260 3519 1446 3570; x_wconf 86' lang='lat' dir='ltr'><strong>transmuta-</strong></span> 
     </span>
     <span class='ocr_line' id='line_1_27' title="bbox 299 3615 1445 3692; baseline 0.003 -18"><span class='ocrx_word' id='word_1_226' title='bbox 299 3618 381 3676; x_wconf 87' lang='lat' dir='ltr'><strong>tione</strong></span> <span class='ocrx_word' id='word_1_227' title='bbox 398 3617 544 3691; x_wconf 84' lang='lat' dir='ltr'><strong>locorum,</strong></span> <span class='ocrx_word' id='word_1_228' title='bbox 563 3616 683 3690; x_wconf 90' lang='lat' dir='ltr'><strong>quando</strong></span> <span class='ocrx_word' id='word_1_229' title='bbox 712 3626 831 3674; x_wconf 88' lang='lat' dir='ltr'><strong>montes</strong></span> <span class='ocrx_word' id='word_1_230' title='bbox 863 3615 995 3691; x_wconf 84' lang='lat' dir='ltr'><strong>migrant</strong></span> <span class='ocrx_word' id='word_1_231' title='bbox 1020 3615 1049 3673; x_wconf 90' lang='lat' dir='ltr'><strong>iu</strong></span> <span class='ocrx_word' id='word_1_232' title='bbox 1072 3616 1215 3691; x_wconf 88' lang='lat' dir='ltr'><strong>planities</strong></span> <span class='ocrx_word' id='word_1_233' title='bbox 1233 3626 1264 3676; x_wconf 91' lang='lat' dir='ltr'><strong>et</strong></span> <span class='ocrx_word' id='word_1_234' title='bbox 1282 3617 1395 3692; x_wconf 86' lang='lat' dir='ltr'><strong>valles,</strong></span> <span class='ocrx_word' id='word_1_235' title='bbox 1413 3627 1445 3677; x_wconf 92' lang='lat' dir='ltr'><strong>et</strong></span> 
     </span>
     <span class='ocr_line' id='line_1_28' title="bbox 298 3723 1370 3799; baseline -0.001 -15"><span class='ocrx_word' id='word_1_236' title='bbox 298 3725 422 3786; x_wconf 85' lang='lat' dir='ltr'><strong>istacin</strong></span> <span class='ocrx_word' id='word_1_237' title='bbox 441 3734 571 3799; x_wconf 73' lang='lat' dir='ltr'><strong>monteS,</strong></span> <span class='ocrx_word' id='word_1_238' title='bbox 589 3724 661 3783; x_wconf 89' lang='lat' dir='ltr'><strong>item</strong></span> <span class='ocrx_word' id='word_1_239' title='bbox 681 3725 810 3782; x_wconf 87' lang='lat' dir='ltr'><strong>marein</strong></span> <span class='ocrx_word' id='word_1_240' title='bbox 829 3723 986 3782; x_wconf 85' lang='lat' dir='ltr'><strong>continens</strong></span> <span class='ocrx_word' id='word_1_241' title='bbox 1007 3731 1038 3781; x_wconf 88' lang='lat' dir='ltr'><strong>et</strong></span> <span class='ocrx_word' id='word_1_242' title='bbox 1054 3723 1212 3783; x_wconf 86' lang='lat' dir='ltr'><strong>continens</strong></span> <span class='ocrx_word' id='word_1_243' title='bbox 1231 3725 1259 3782; x_wconf 88' lang='lat' dir='ltr'><strong>in</strong></span> <span class='ocrx_word' id='word_1_244' title='bbox 1278 3744 1370 3783; x_wconf 89' lang='lat' dir='ltr'><strong>mare.</strong></span> 
     </span>
     <span class='ocr_line' id='line_1_29' title="bbox 390 3831 1443 3908; baseline 0 -18"><span class='ocrx_word' id='word_1_245' title='bbox 390 3832 501 3891; x_wconf 88' lang='lat' dir='ltr'><strong>Omnes</strong></span> <span class='ocrx_word' id='word_1_246' title='bbox 517 3851 606 3890; x_wconf 86' lang='lat' dir='ltr'><strong>casus</strong></span> <span class='ocrx_word' id='word_1_247' title='bbox 621 3831 752 3908; x_wconf 88' lang='lat' dir='ltr'><strong>partium</strong></span> <span class='ocrx_word' id='word_1_248' title='bbox 771 3840 841 3888; x_wconf 70' lang='lat' dir='ltr'><strong>silut</strong></span> <span class='ocrx_word' id='word_1_249' title='bbox 856 3831 1008 3904; x_wconf 88' lang='lat' dir='ltr'><strong>arcuales,</strong></span> <span class='ocrx_word' id='word_1_250' title='bbox 1026 3841 1057 3887; x_wconf 88' lang='lat' dir='ltr'><strong>et</strong></span> <span class='ocrx_word' id='word_1_251' title='bbox 1071 3851 1149 3906; x_wconf 89' lang='lat' dir='ltr'><strong>aqua</strong></span> <span class='ocrx_word' id='word_1_252' title='bbox 1163 3831 1325 3890; x_wconf 82' lang='lat' dir='ltr'><strong>arcualiter</strong></span> <span class='ocrx_word' id='word_1_253' title='bbox 1338 3849 1443 3890; x_wconf 79' lang='lat' dir='ltr'><strong>asceu-</strong></span> 
     </span>
     <span class='ocr_line' id='line_1_30' title="bbox 299 3936 1042 3997; baseline -0.003 -2"><span class='ocrx_word' id='word_1_254' title='bbox 299 3938 345 3996; x_wconf 81' lang='lat' dir='ltr'><strong>uit</strong></span> <span class='ocrx_word' id='word_1_255' title='bbox 362 3947 393 3997; x_wconf 91' lang='lat' dir='ltr'><strong>et</strong></span> <span class='ocrx_word' id='word_1_256' title='bbox 410 3936 569 3996; x_wconf 83' lang='lat' dir='ltr'><strong>descendit</strong></span> <span class='ocrx_word' id='word_1_257' title='bbox 586 3958 603 3995; x_wconf 86' lang='lat' dir='ltr'><strong>a</strong></span> <span class='ocrx_word' id='word_1_258' title='bbox 624 3936 790 3996; x_wconf 87' lang='lat' dir='ltr'><strong>visceribus</strong></span> <span class='ocrx_word' id='word_1_259' title='bbox 810 3946 841 3995; x_wconf 91' lang='lat' dir='ltr'><strong>et</strong></span> <span class='ocrx_word' id='word_1_260' title='bbox 858 3936 896 3994; x_wconf 78' lang='lat' dir='ltr'><strong>au</strong></span> <span class='ocrx_word' id='word_1_261' title='bbox 914 3937 1042 3996; x_wconf 83' lang='lat' dir='ltr'><strong>viscera.</strong></span> 
     </span>
    </p>
   </div>
   <div class='ocr_carea' id='block_1_9' title="bbox 299 4257 1447 4541">
    <p class='ocr_par' dir='ltr' id='par_1_11' title="bbox 299 4257 1447 4541">
     <span class='ocr_line' id='line_1_31' title="bbox 391 4257 1443 4324; baseline -0.005 -10"><span class='ocrx_word' id='word_1_262' title='bbox 391 4265 405 4313; x_wconf 91' lang='lat' dir='ltr'><strong>l</strong></span> <span class='ocrx_word' id='word_1_263' title='bbox 423 4279 480 4314; x_wconf 90' lang='lat' dir='ltr'><strong>non</strong></span> <span class='ocrx_word' id='word_1_264' title='bbox 495 4279 509 4313; x_wconf 90' lang='lat' dir='ltr'><strong>o</strong></span> <span class='ocrx_word' id='word_1_265' title='bbox 524 4268 625 4313; x_wconf 87' lang='lat' dir='ltr'><strong>contra</strong></span> <span class='ocrx_word' id='word_1_266' title='bbox 638 4277 696 4312; x_wconf 88' lang='lat' dir='ltr'><strong>nou</strong></span> <span class='ocrx_word' id='word_1_267' title='bbox 709 4263 744 4311; x_wconf 83' lang='lat' dir='ltr'><strong>ab</strong></span> <span class='ocrx_word' id='word_1_268' title='bbox 758 4261 803 4311; x_wconf 75' lang='lat' dir='ltr'><strong>Ml</strong></span> <span class='ocrx_word' id='word_1_269' title='bbox 866 4262 883 4311; x_wconf 83' lang='grc' dir='ltr'>Β</span> <span class='ocrx_word' id='word_1_270' title='bbox 898 4261 928 4311; x_wconf 89' lang='lat' dir='ltr'><strong>in</strong></span> <span class='ocrx_word' id='word_1_271' title='bbox 941 4257 1069 4324; x_wconf 79' lang='lat' dir='ltr'><strong>corpore]</strong></span> <span class='ocrx_word' id='word_1_272' title='bbox 1079 4259 1117 4310; x_wconf 78' lang='lat' dir='ltr'><strong>ric</strong></span> <span class='ocrx_word' id='word_1_273' title='bbox 1127 4259 1177 4310; x_wconf 81' lang='lat' dir='ltr'><strong>OM</strong></span> <span class='ocrx_word' id='word_1_274' title='bbox 1185 4276 1192 4323; x_wconf 73' lang='grc' dir='ltr'>ς</span> <span class='ocrx_word' id='word_1_275' title='bbox 1207 4276 1250 4308; x_wconf 85' lang='lat' dir='ltr'><strong>ma</strong></span> <span class='ocrx_word' id='word_1_276' title='bbox 1264 4260 1377 4324; x_wconf 86' lang='lat' dir='ltr'><strong>ingerat</strong></span> <span class='ocrx_word' id='word_1_277' title='bbox 1390 4277 1443 4309; x_wconf 81' lang='lat' dir='ltr'><strong>nou</strong></span> 
     </span>
     <span class='ocr_line' id='line_1_32' title="bbox 299 4341 1447 4408; baseline -0.002 -15"><span class='ocrx_word' id='word_1_278' title='bbox 299 4343 418 4393; x_wconf 68' lang='lat' dir='ltr'><strong>celsiore</strong></span> <span class='ocrx_word' id='word_1_279' title='bbox 431 4343 460 4393; x_wconf 80' lang='lat' dir='ltr'><strong>ia</strong></span> <span class='ocrx_word' id='word_1_280' title='bbox 475 4343 505 4391; x_wconf 82' lang='lat' dir='ltr'><strong><em>M</em></strong></span> <span class='ocrx_word' id='word_1_281' title='bbox 567 4345 598 4393; x_wconf 89' lang='grc'><strong>10</strong></span> <span class='ocrx_word' id='word_1_282' title='bbox 610 4345 692 4408; x_wconf 87' lang='lat' dir='ltr'><strong>prius</strong></span> <span class='ocrx_word' id='word_1_283' title='bbox 704 4342 857 4407; x_wconf 84' lang='lat' dir='ltr'><strong>corporaC</strong></span> <span class='ocrx_word' id='word_1_284' title='bbox 919 4342 950 4391; x_wconf 83' lang='lat'><strong>13</strong></span> <span class='ocrx_word' id='word_1_285' title='bbox 962 4349 1058 4391; x_wconf 88' lang='lat' dir='ltr'><strong>motus</strong></span> <span class='ocrx_word' id='word_1_286' title='bbox 1071 4347 1116 4390; x_wconf 90' lang='lat' dir='ltr'><strong>est</strong></span> <span class='ocrx_word' id='word_1_287' title='bbox 1130 4341 1152 4392; x_wconf 72' lang='grc'><strong>(1</strong></span> <span class='ocrx_word' id='word_1_288' title='bbox 1213 4343 1244 4390; x_wconf 66' lang='lat'><strong>⁶22</strong></span> <span class='ocrx_word' id='word_1_289' title='bbox 1258 4348 1410 4391; x_wconf 87' lang='lat' dir='ltr'><strong>moventur</strong></span> <span class='ocrx_word' id='word_1_290' title='bbox 1424 4342 1447 4392; x_wconf 81' lang='lat'><em>0</em></span> 
     </span>
     <span class='ocr_line' id='line_1_33' title="bbox 299 4437 1446 4541; baseline -0.003 -12"><span class='ocrx_word' id='word_1_291' title='bbox 299 4479 474 4529; x_wconf 84' lang='lat' dir='ltr'><strong>horistorum</strong></span> <span class='ocrx_word' id='word_1_292' title='bbox 487 4477 518 4526; x_wconf 82' lang='grc' dir='ltr'><em>Μ</em></span> <span class='ocrx_word' id='word_1_293' title='bbox 523 4480 530 4512; x_wconf 88' lang='lat'><strong>¹</strong></span> <span class='ocrx_word' id='word_1_294' title='bbox 578 4476 608 4527; x_wconf 67' lang='lat'><strong>2?</strong></span> <span class='ocrx_word' id='word_1_295' title='bbox 626 4478 695 4526; x_wconf 89' lang='lat' dir='ltr'><strong>item</strong></span> <span class='ocrx_word' id='word_1_296' title='bbox 709 4490 786 4526; x_wconf 89' lang='lat' dir='ltr'><strong>mars</strong></span> <span class='ocrx_word' id='word_1_297' title='bbox 795 4437 948 4527; x_wconf 52' lang='lat' dir='ltr'><strong>abstinens</strong></span> <span class='ocrx_word' id='word_1_298' title='bbox 959 4476 990 4525; x_wconf 71' lang='lat' dir='ltr'><strong>¹l!</strong></span> <span class='ocrx_word' id='word_1_299' title='bbox 1035 4476 1075 4525; x_wconf 72' lang='lat'>⁶28.</span> <span class='ocrx_word' id='word_1_300' title='bbox 1085 4475 1117 4526; x_wconf 76' lang='lat'><strong>29</strong></span> <span class='ocrx_word' id='word_1_301' title='bbox 1127 4474 1154 4525; x_wconf 85' lang='lat' dir='ltr'><strong>iu</strong></span> <span class='ocrx_word' id='word_1_302' title='bbox 1164 4491 1250 4541; x_wconf 74' lang='lat' dir='ltr'><strong>arrarp.</strong></span> <span class='ocrx_word' id='word_1_303' title='bbox 1265 4476 1293 4540; x_wconf 88' lang='lat' dir='ltr'><strong>(a</strong></span> <span class='ocrx_word' id='word_1_304' title='bbox 1302 4491 1325 4524; x_wconf 84' lang='lat' dir='ltr'><strong>a.</strong></span> <span class='ocrx_word' id='word_1_305' title='bbox 1335 4476 1381 4541; x_wconf 79' lang='lat'><strong>24)</strong></span> <span class='ocrx_word' id='word_1_306' title='bbox 1394 4474 1446 4528; x_wconf 80' lang='lat' dir='ltr'><strong>OM</strong></span> 
     </span>
    </p>
   </div>
   <div class='ocr_carea' id='block_1_10' title="bbox 0 0 1758 5108">
    <p class='ocr_par' dir='ltr' id='par_1_12' title="bbox 0 0 1758 5108">
     <span class='ocr_line' id='line_1_34' title="bbox 0 0 1758 5108; baseline 0 0"><span class='ocrx_word' id='word_1_307' title='bbox 0 0 1758 5108; x_wconf 95' lang='lat' dir='ltr'><strong> </strong></span> 
     </span>
    </p>
   </div>
  </div>
 </body>
</html>
