3488 5108
661 401 791 448 uineas
812 402 972 450 summm
995 403 1200 451 srsrvrnvu.
1447 390 1502 450 191

355 560 408 623 est
425 562 523 624 aetus
546 556 697 625 absoluti
720 564 755 623 et
779 559 873 646 puri3
898 552 1073 646 signifieat
1097 558 1189 626 enim
1213 560 1397 627 essentiam
1418 560 1505 626 divi·

354 704 446 750 nam.
468 682 636 748 Similiter
651 684 810 770 potentia
829 684 1004 769 absoluta,
1021 707 1109 773 pura
1125 691 1160 752 st
1175 674 1305 770 activa,
1323 707 1504 772 quaecum

355 807 505 874 essentia
524 806 585 873 illa
604 808 830 875 convertitur.

443 931 508 999 111.
533 933 596 999 Est
616 933 743 1018 actio,
765 956 853 1022 quae
865 935 1014 1003 refertur
1027 935 1070 1002 ad
1086 935 1228 1024 agibile,
1241 937 1297 1002 vel
1309 935 1353 1003 ad
1364 904 1400 1003 id
1412 935 1505 1023 quod

313 1069 334 1132 5
360 1060 491 1148 agitur,
508 1059 563 1128 vel
581 1060 625 1126 ed
644 1060 681 1125 id
700 1061 797 1128 ouius
816 1068 869 1128 est
885 1062 986 1129 actio.

445 1186 505 1252 IV.
539 1187 602 1253 Est
628 1189 783 1275 passio,
810 1172 898 1274 quae
928 1187 1077 1255 refertur
1106 1188 1150 1255 ad
1177 1187 1354 1277 passibile,
1385 1189 1440 1256 vel
1469 1187 1505 1253 id

357 1310 450 1399 quod
468 1312 616 1399 patitur,
637 1336 697 1379 seu
716 1312 753 1378 id
772 1314 869 1381 cuius
888 1322 940 1381 est
958 1313 1084 1402 passio.

444 1438 485 1503 V.
511 1439 575 1504 Est
606 1439 814 1526 oppositio
843 1439 1051 1526 generaliter
1084 1438 1192 1522 dicta,
1223 1438 1387 1505 videlicet
1416 1460 1506 1504 eom·

357 1563 523 1651 plectitur
546 1564 827 1632 contrarietatem
850 1565 888 1629 in
918 1563 972 1630 his
1002 1587 1090 1651 quae
1117 1565 1247 1631 habent
1275 1565 1503 1649 eontrarium,

296 1692 337 1756 10
361 1689 736 1756 contradictorietatem
764 1690 801 1756 in
831 1691 1004 1776 omnibus,
1032 1691 1094 1757 ubi
1123 1697 1175 1756 est
1198 1711 1358 1778 expressa
1382 1689 1505 1756 relatio

359 1814 451 1879 inter
469 1815 667 1902 oppositum
686 1822 721 1882 et
740 1816 1015 1903 contrapositum
1034 1839 1093 1882 seu
1111 1814 1337 1903 propositum.

445 1940 504 2004 VI.
529 1939 593 2005 Est
623 1939 843 2028 dispositio
875 1941 930 2007 vel
962 1940 1145 2023 habitus,
1166 1962 1254 2028 quae
1279 1938 1322 2006 ad
1346 1963 1402 2024 ea,
1422 1960 1505 2025 quo·

357 2086 435 2131 rum
454 2072 535 2131 sunt
554 2065 666 2153 dispoi
673 2066 753 2134 sitio
772 2067 828 2132 vel
846 2066 1000 2150 habitus,
1019 2065 1218 2132 referuntur
1236 2063 1399 2131 vicissim.
1529 2064 1645 2127 178‘

448 2191 526 2258 VH.
551 2191 695 2258 Forma
720 2193 776 2258 vel
802 2191 954 2279 figura,
975 2190 1116 2258 formati
1135 2189 1191 2256 vel
1209 2189 1359 2277 figurati.

295 2314 337 2377 15
446 2316 544 2382 VIII.
568 2317 818 2384 Formalitas
841 2317 895 2383 vel
920 2316 1170 2399 formositas,
1198 2337 1267 2401 qua
1294 2314 1428 2400 aliquid
1454 2313 1506 2378 in·

360 2442 507 2508 trinsece
532 2442 784 2509 denominatur.
812 2442 1054 2509 informitas
1081 2463 1164 2508 vero
1194 2439 1322 2507 dicitur
1353 2463 1415 2529 per
1447 2463 1504 2505 ns·

359 2568 536 2654 gationem
550 2569 693 2654 formae,
708 2569 819 2657 qualis
836 2577 888 2636 est
903 2569 941 2635 in
957 2568 1041 2656 ipsis
1061 2576 1246 2654 quaesunt
1262 2567 1357 2654 ipsae
1373 2567 1504 2633 formas

360 2701 395 2761 et
418 2694 495 2762 ideo
515 2694 663 2762 formam
678 2718 748 2761 non
764 2695 895 2762 habent
913 2701 947 2760 et
964 2693 1129 2761 informia
1148 2699 1245 2774 sunt,
1260 2698 1295 2758 at
1311 2714 1399 2779 quae
1417 2691 1503 2758 rela-

360 2820 435 2885 tiva
456 2820 499 2886 ad
514 2820 642 2887 formas
663 2842 733 2885 non
749 2820 914 2886 <licuntur
932 2826 983 2904 (ut
1001 2818 1188 2907 opposita),
1213 2816 1504 2904 quemadmodum

294 2947 338 3011 20
361 2946 525 3030 formata,
547 2970 633 3034 quae
653 2945 863 3013 formalitate
884 2944 1031 3012 formata
1049 2951 1140 3012 sunt.

685 3250 760 3324 DE
804 3247 1179 3325 PRAEDICATIS

519 3393 880 3469 RESPECTIVIS
921 3391 1355 3482 INAEQVALITER.

449 3645 683 3733 Inaequaliter
697 3666 778 3711 vero
794 3644 993 3731 praedicata
1008 3646 1200 3733 respectiva
1217 3656 1298 3712 sunt
1314 3649 1504 3733 sequentia,

362 3771 445 3858 quia
467 3794 538 3836 non
561 3779 613 3837 ast
636 3770 841 3856 adaequatio
860 3777 895 3837 et
914 3771 1002 3837 ratio
1023 3771 1114 3837 inter
1136 3779 1301 3857 utrosque
1325 3773 1505 3841 relationis

295 3897 338 3961 at
362 3897 526 3964 tenninos
541 3904 724 3983 perpetu03
743 3902 909 3983 perpetuo
929 3895 1082 3981 inquam,
1097 3897 1178 3983 quia
1197 3896 1374 3964 interdum
1389 3921 1503 3984 unam,

362 4022 535 4090 interdum
555 4022 699 4088 alteram
718 4021 913 4108 suscipiunt
931 4022 1111 4088 rationem.
1130 4023 1264 4090 Horum

455 4227 564 4290 tque-e]
579 4239 633 4275 con
649 4223 807 4289 (compend.)
822 4228 840 4288 sp
852 4223 977 4290 112quod
990 4224 1022 4274 Μ
1082 4226 1105 4276 6.
1116 4225 1131 4275 7
1143 4224 1188 4277 vel
1200 4226 1235 4277 ad
1249 4225 1279 4276 id
1291 4226 1368 4294 quod
1382 4226 1503 4291 patitur,

364 4321 415 4357 seu
427 4306 461 4356 ad
475 4305 504 4356 id
519 4309 602 4356 cuius
616 4310 661 4355 est
673 4304 768 4371 passio
781 4304 814 4354 M
876 4306 905 4356 18
921 4311 990 4356 sunt
1003 4305 1084 4372 dispo
1098 4312 1103 4371 Ι
1118 4307 1162 4358 vel
1177 4307 1211 4359 de
1225 4309 1288 4374 ipsa
1299 4308 1452 4373 dispositio
1469 4310 1504 4359 ΑΙ

365 4387 404 4436 18.
415 4388 447 4476 lii
464 4395 581 4517 egiquae
593 4387 714 4437 relativa
725 4385 763 4437 A:
777 4386 912 4452 Haecque
924 4386 1057 4438 Relative
1068 4387 1101 4438 l!
1160 4389 1192 4439 ⁴24
1204 4404 1261 4440 non
1276 4394 1321 4439 est
1333 4397 1410 4453 (par)
1425 4390 1504 4442 adae·

364 4471 464 4533 quatro
