3488 5108
283 385 342 444 278
727 400 865 446 iouoaru
887 400 988 445 nnvm

372 556 483 641 Atqui
501 556 613 643 primo
645 578 716 621 non
744 562 795 622 est
821 555 986 644 possibile
1015 579 1087 622 esse
1118 579 1226 622 unum
1255 563 1422 641 tauquam

284 684 499 767 continuum,
525 682 802 767 quandoquidem
818 683 996 749 infinitum
1017 686 1022 768 l
1043 682 1245 748 continuum
1266 688 1318 747 est
1337 679 1423 746 divi·
1449 687 1529 751 15ΙΓ
1543 686 1589 749 Β

283 808 383 873 sibile
401 808 438 872 in
457 808 610 873 diversas
629 815 759 894 partes,
785 831 862 874 eum
892 809 937 873 sit
967 808 1180 873 continuum.
1212 807 1301 871 Item
1332 811 1367 872 et
1395 805 1424 870 si

284 936 360 1020 quis
380 958 498 1003 omnes
516 942 631 1023 partes
655 935 803 1023 accipiat
822 936 1015 1023 sigillatim,
1036 958 1106 1001 non
1127 935 1245 1002 eadem
1265 935 1354 1001 ratio
1373 941 1425 1000 est

239 1068 386 1149 batque
407 1063 412 1146 l
432 1063 474 1128 de
504 1061 626 1127 iisdem
650 1062 688 1127 in
708 1062 869 1129 universo
898 1070 933 1128 et
962 1068 1055 1144 toto;
1082 1062 1163 1127 lieet
1195 1060 1350 1147 quaestio
1380 1082 1424 1125 an
1451 1066 1484 1130 8
1520 1067 1557 1130 0

282 1188 400 1255 eadem
419 1189 465 1254 sit
484 1189 573 1254 ratio
604 1191 710 1254 totius
730 1195 764 1254 et
783 1188 938 1255 omnium
966 1189 1133 1277 partium,
1163 1210 1233 1254 non
1261 1186 1427 1274 respiciat

283 1314 326 1380 ad
346 1313 450 1379 verba-
466 1315 625 1399 istorum,
645 1314 704 1379 sed
723 1337 870 1380 sensum.
887 1314 958 1380 Nos
974 1337 1055 1381 vero
1072 1313 1301 1400 intelligimus
1320 1312 1428 1378 maxi-

283 1462 375 1506 mam
395 1463 467 1506 esse
485 1439 716 1506 differentiam
736 1441 829 1506 inter
846 1447 963 1528 partes
982 1463 1100 1507 omnes
1130 1439 1319 1506 seeundum
1339 1462 1374 1505 se
1394 1445 1429 1505 et

283 1573 396 1632 totum
416 1566 665 1651 secunduma,
685 1566 963 1652 quandoquidem
978 1566 1166 1633 secundum
1179 1589 1214 1632 se
1229 1573 1346 1654 partes
1359 1586 1430 1630 uon

221 1701 262 1763 10
285 1695 405 1761 dieunt
425 1701 552 1760 certam
571 1692 780 1781 positionem
797 1701 832 1759 et
852 1694 1021 1779 ordinem,
1036 1695 1211 1780 integrum
1231 1716 1313 1760 vero
1332 1693 1428 1759 dicit.

284 1823 330 1888 Et
352 1823 417 1887 hoo
440 1821 588 1887 maxime
608 1820 737 1905 differt,
757 1822 1043 1907 quemadmodum
1063 1820 1286 1888 manifestum
1310 1828 1363 1887 est
1386 1843 1428 1886 ex

285 1973 336 2033 eo,
357 1949 438 2034 quia
456 1947 553 2012 iuxta
572 1947 743 2013 rationem
763 1948 916 2014 omnium
933 1950 1087 2036 partium
1106 1949 1267 2014 universa·
1284 1947 1425 2015 uomina

284 2083 366 2140 sunt
384 2073 422 2138 in
441 2072 619 2139 elementis
639 2073 710 2137 suis
729 2074 854 2138 iterum
878 2080 983 2159 atque
1006 2075 1133 2140 iterum
1161 2073 1331 2161 repetitio,
1352 2074 1428 2161 ipsa

285 2208 400 2267 tamen
419 2201 562 2267 nomine
580 2222 651 2265 non
669 2208 771 2266 erunt
789 2223 900 2286 neque
921 2203 1111 2267 orationem
1136 2202 1349 2268 constituent
1379 2203 1430 2269 ul-

221 2330 262 2394 15
284 2329 364 2394 lam.
384 2328 534 2394 Proinde
553 2349 622 2393 non
642 2328 692 2393 ite
711 2335 762 2394 est
792 2328 828 2394 in
857 2329 1015 2416 partibus
1046 2330 1220 2396 continuis
1251 2330 1360 2396 veluti
1388 2331 1425 2396 in
1484 2334 1487 2339 ’

286 2454 457 2539 diseretis3
468 2455 505 2519 in
518 2475 661 2520 numero
674 2455 766 2520 enim
776 2462 891 2542 partes
903 2462 1007 2543 atque
1021 2457 1150 2543 spec-ies
1166 2465 1321 2524 anatura
1334 2478 1430 2543 prae·

287 2581 453 2668 scriptum
476 2585 579 2665 atque
598 2588 730 2646 eertum
749 2579 921 2665 quendam
945 2580 1100 2646 ordinem
1117 2581 1322 2667 admittunt,
1349 2604 1428 2647 oon·

288 2708 379 2773 tinui
397 2729 479 2774 vero
491 2714 605 2794 partes
624 2731 694 2774 non
710 2708 802 2774 item.
817 2709 909 2795 Ergo
928 2730 998 2773 non
1018 2715 1069 2774 est
1088 2732 1195 2775 unum
1213 2710 1427 2776 continuum.

591 2972 656 3018 (ruod
671 2971 769 3011 secundo
784 2982 830 3010 non
845 2971 874 3011 sit
889 2983 958 3011 uuum
974 2973 1123 3012 indivisibile.
1456 2958 1593 3023 15VB

220 3186 265 3249 20
375 3184 532 3250 Secundo
551 3206 621 3250 non
640 3192 692 3250 est
710 3185 874 3273 possibile
893 3209 964 3251 esse
984 3209 1090 3251 unum
1109 3194 1276 3272 tauquam
1296 3186 1428 3252 indivi-

287 3312 399 3395 sibile,
420 3310 698 3397 quandoquidem
718 3318 801 3376 tuno
820 3336 889 3377 non
913 3312 1041 3399 poterit
1061 3319 1228 3397 quantum
1248 3314 1304 3379 uel
1325 3314 1428 3399 quale

287 3439 369 3521 dioi3
385 3438 496 3520 omnis
509 3438 601 3503 enim
621 3436 797 3522 quantitas
818 3437 907 3503 eirea
924 3437 1183 3504 multitudinem
1200 3446 1234 3504 ot
1253 3440 1433 3525 maguitu-

288 3567 403 3632 dinem
423 3566 489 3631 sita
509 3572 575 3649 est,
605 3587 750 3650 quarum
770 3564 829 3628 illa
848 3565 886 3629 in
916 3588 1088 3649 muneres,
1108 3566 1175 3631 ista
1194 3588 1275 3632 vero
1301 3567 1338 3631 in
1359 3574 1432 3636 ato·

288 3715 360 3758 mos
394 3691 449 3757 vel
472 3696 589 3778 partes
624 3690 707 3756 elia-s
732 3697 783 3754 est
817 3689 1010 3756 divisibilis.
1036 3693 1081 3756 Et
1115 3698 1296 3780 propterea
1317 3717 1432 3780 noque

222 3825 266 3889 25
288 3817 426 3883 finitum
446 3817 527 3900 erit,
544 3817 633 3883 siout
648 3816 737 3881 dixit
754 3816 987 3902 Parmenides,
1005 3842 1115 3904 noque
1133 3820 1323 3903 infinitum,
1339 3821 1428 3887 siout

289 3943 379 4009 dixit
398 3942 567 4008 Melissus
615 3939 626 3965 '

380 4069 457 4134 Nou
489 4068 555 4134 erit
583 4068 688 4132 etiam
719 4068 832 4153 rurale,
856 4069 937 4153 quia
968 4070 1079 4134 omnis
1104 4069 1252 4154 qualitas
1282 4070 1427 4158 physica

864 4270 884 4275 --
894 4270 1321 4277 ——.--—-————
1330 4271 1429 4277 ..—.—..

384 4387 451 4437 tad
465 4387 553 4438 verba
572 4385 629 4451 οἱα]
646 4383 794 4445 ,ι”ναπιωιιίε
814 4381 926 4434 Aristot.
942 4400 970 4446 p.
994 4386 1055 4435 185δ
1076 4385 1106 4432 12
1167 4386 1183 4434 9
1200 4384 1432 4449 quandoquidem

292 4474 388 4537 partos
403 4469 559 4519 secundum
574 4468 639 4517 sot‘
700 4466 731 4516 26
744 4466 889 4530 Molyssus
903 4465 930 4513 Ji*
991 4465 1021 4514 2?
1034 4465 1097 4515 Non
1112 4466 1198 4516 otiam
1213 4466 1269 4514 erit
1290 4467 1311 4516 0
