3488 5108
666 415 972 463 imploraremus
993 414 1199 461 srnrvravu.
1461 396 1499 459 27

359 573 523 641 atentiam
543 573 617 638 sine
637 573 731 639 omni
751 572 861 639 forma
884 595 1023 661 prorsus
1047 574 1084 639 in
1107 574 1224 659 aliquo
1247 580 1413 661 tempore,
1439 573 1499 639 sed

359 697 587 786 intelligimus
606 699 713 764 totius
733 698 835 764 huius
853 698 984 764 formae
1004 699 1232 764 abiectionem
1252 705 1286 764 et
1310 699 1403 765 illius
1423 699 1500 764 sub

361 823 536 909 sequentis
566 820 821 889 assumtionem.
856 824 979 909 Itaque
1003 824 1084 909 quia
1116 824 1246 890 formae
1269 822 1497 890 accidentales

361 955 619 1035 consequuntur
636 947 783 1014 formam
800 949 1076 1030 substantialem,
1093 948 1336 1049 dimensiones,
1354 948 1501 1037 qualita-

316 1071 337 1135 5
361 1080 426 1154 tes,
448 1072 590 1156 colores,
611 1072 742 1158 figurae
762 1081 836 1158 etc,
855 1095 942 1159 quae
962 1083 1044 1139 sunt
1063 1073 1100 1138 in
1118 1073 1185 1140 isto
1205 1074 1372 1156 subiect0,
1389 1073 1501 1161 specie

360 1198 526 1264 differunt
545 1197 588 1264 ab
605 1197 668 1280 his,
688 1198 911 1284 quantumvis
930 1197 1124 1280 simillimis,
1139 1220 1226 1284 quae
1238 1205 1337 1265 erant
1353 1199 1389 1265 in
1408 1221 1504 1286 prae·

362 1323 507 1390 cedenti.

449 1449 553 1515 XIII.
577 1449 670 1516 Illud
689 1448 780 1535 quod
802 1448 915 1536 primo
939 1449 1062 1537 recipit
1085 1448 1220 1534 umbra,
1245 1472 1304 1516 seu
1327 1449 1440 1538 primo
1463 1450 1501 1515 in

361 1575 520 1642 umbram
529 1574 736 1658 infunditur,
749 1580 801 1639 est
813 1573 1017 1660 substantia,
1030 1583 1115 1663 puta
1127 1575 1365 1642 substantialis
1378 1574 1502 1657 forma;

297 1705 339 1769 10
362 1701 452 1767 circa
471 1700 652 1766 materiam
672 1699 764 1766 enim
783 1671 940 1767 nonsibi
961 1701 1087 1767 cedunt
1110 1700 1314 1784 accidentia,
1340 1700 1398 1766 sed
1422 1701 1500 1766 sub-

360 1825 540 1894 stantiales
559 1825 698 1892 formae.
721 1827 725 1911 Ι
747 1826 989 1892 Accidentium
1013 1827 1105 1892 enim
1129 1826 1284 1892 subiecta
1307 1833 1389 1892 sunt
1413 1849 1502 1893 com·
1527 1825 1635 1888 110⁹

361 1951 519 2040 positast
531 1957 709 2036 quaesunt
722 1950 816 2016 entia
827 1957 920 2034 actu,
935 1958 969 2016 et
981 1951 1058 2017 ideo
1067 1951 1215 2018 mediate
1224 1951 1315 2017 circa
1323 1952 1503 2018 materiam

360 2098 545 2143 concursus
564 2075 711 2142 efficitur
729 2074 972 2160 accidentium,
994 2098 1081 2162 quae
1105 2076 1244 2162 quidem
1269 2076 1503 2144 conditionem

362 2209 396 2268 et
429 2200 598 2267 rationem
630 2200 761 2267 formae
795 2199 1034 2267 substantialis
1064 2210 1332 2289 consequuntur.
1357 2202 1411 2268 Ex
1438 2202 1504 2269 hoo

296 2327 338 2391 15
362 2326 454 2393 enim
477 2348 554 2391 oum
579 2325 722 2391 materia
742 2323 866 2412 recipit
884 2324 1031 2392 formam
1049 2325 1200 2394 hominis
1224 2328 1503 2412 substantialem,

361 2453 517 2540 sequitur
546 2458 586 2517 ut
616 2451 761 2517 subinde
792 2459 1039 2540 consequenter
1062 2452 1212 2520 hominis
1242 2455 1386 2543 recipiat
1416 2455 1503 2521 acci-

363 2578 497 2660 dentia3
518 2576 609 2643 unde
627 2599 698 2643 non
721 2599 763 2642 ex
785 2577 998 2665 proprietate
1017 2579 1195 2663 materiae,
1212 2580 1271 2647 sed
1290 2603 1331 2646 ex
1350 2581 1504 2668 proprie·

361 2710 434 2770 tate
457 2702 599 2785 formae,
620 2724 690 2768 non
714 2701 853 2788 quidem
872 2703 1098 2786 substantiae,
1120 2705 1179 2770 sed
1203 2706 1391 2793 composito
1416 2707 1501 2773 acci-

361 2830 517 2896 dentium
551 2829 728 2915 catalogus
767 2838 819 2894 est
850 2829 1103 2895 adscribendus.
1139 2830 1214 2896 Hoc
1243 2839 1295 2897 est
1334 2833 1426 2918 quod
1460 2833 1503 2900 ad

294 2957 340 3022 20
362 2957 597 3045 praecedentis
614 2938 1064 3021 articulioonfirmationem
1080 2955 1276 3041 faoit,unde
1287 2958 1376 3024 siout
1388 2958 1501 3026 forma

362 3105 382 3149 a
400 3082 524 3166 forma,
544 3082 593 3147 ita
613 3089 647 3147 et
667 3081 858 3147 accidentia
878 3081 920 3146 ab
940 3080 1176 3146 accidentibus
1192 3082 1305 3169 specie
1321 3082 1501 3168 differunt,

361 3215 395 3273 et
415 3213 662 3292 consequenter
680 3228 823 3271 numero
841 3205 944 3291 longa
963 3205 1076 3270 minus
1097 3207 1279 3272 convenire
1295 3215 1450 3294 possunt.

449 3333 546 3398 XIV.
570 3331 841 3419 Intelligendum
861 3338 913 3397 est
932 3333 1091 3398 umbram
1111 3356 1182 3398 esse
1201 3332 1376 3399 infinitum
1402 3332 1502 3419 quid,

361 3459 434 3527 sive
453 3459 490 3524 in
508 3458 712 3546 particulari
731 3457 803 3523 sive
822 3457 859 3522 in
879 3457 1038 3523 universo
1062 3467 1228 3524 sumatur.
1253 3459 1294 3523 In
1319 3457 1391 3524 eius
1411 3460 1504 3524 enim

293 3590 338 3655 25
362 3586 508 3654 essentia
528 3585 621 3652 nuda
640 3592 674 3650 et
694 3584 863 3666 absoluta,
885 3584 973 3650 sicut
992 3586 1088 3651 nulla
1111 3593 1163 3650 est
1186 3585 1310 3668 forma,
1335 3586 1384 3651 ita
1408 3585 1504 3651 nulla

362 3719 414 3779 est
437 3711 667 3778 determinata
692 3710 882 3797 quantitas;
908 3709 967 3775 sed
991 3710 1072 3796 quia
1103 3711 1247 3798 suscipit
1278 3720 1407 3777 certam
1436 3711 1504 3777 for-

454 4032 470 4081 2
485 4030 676 4083 abiectionem
693 4029 735 4079 M:
754 4028 944 4095 adjectionem
961 4030 985 4077 A
1049 4030 1066 4078 6
1082 4027 1225 4079 similimis
1243 4028 1289 4093 (cf.
1308 4044 1326 4076 a
1335 4044 1365 4091 p.
1379 4029 1411 4088 4,
1426 4027 1504 4092 16)Λ

362 4112 392 4162 ll
409 4112 479 4176 dopo
491 4111 600 4162 formae
613 4110 735 4160 abbiamo
750 4110 878 4176 appiuntc
887 4108 1127 4173 t'intcrpunzione:
1139 4110 1248 4159 formae
1261 4107 1466 4170 accidentium,
1477 4114 1507 4159 et

363 4191 494 4243 subiecta
505 4191 538 4241 l!
599 4192 629 4241 15
645 4189 760 4241 eumd:
776 4192 850 4253 forse
867 4191 942 4256 quod
959 4206 1006 4240 con
1019 4189 1050 4239 M
1054 4227 1061 4251 ,
1074 4190 1111 4254 cf.
1124 4207 1142 4239 a
1150 4206 1180 4253 p.
1195 4190 1242 4248 22,
1256 4190 1290 4239 22
1354 4190 1383 4239 17
1399 4203 1459 4239 non
1471 4204 1507 4239 ex

363 4328 539 4394 proprietate
550 4325 685 4377 materiae
697 4324 738 4374 M:
751 4339 808 4374 non
820 4274 1077 4390 proprieiaiiiiiil
1137 4325 1168 4373 18
1184 4321 1375 4389 substantiae]
1386 4323 1458 4376 subo
1467 4323 1505 4374 A:

364 4461 577 4515 muteria0MA¹
642 4460 693 4511 eod
707 4457 1208 4523 M:sedoxtcxpcrbconccllotclrl
1272 4409 1418 4525 Idlbjusrl
