3488 5108
452 392 510 452 672
893 405 1033 450 roanmu
1053 404 1157 450 anvru

451 569 532 629 sunt
561 562 649 648 apti,
680 584 783 649 quam
813 561 850 626 hi
881 561 941 647 qui
969 561 1148 628 clariorem
1177 562 1330 628 animam
1362 567 1451 628 sunt
1479 557 1625 647 adepti.

452 687 550 784 Quod
570 709 650 753 vero
663 686 707 754 ad
719 687 892 753 naturalia
904 687 1044 752 vincula
1057 687 1196 770 attinet,
1215 687 1268 753 his
1286 687 1397 774 magia
1415 685 1624 754 subiicitur

449 815 576 900 vulgus
595 836 699 900 quam
718 813 956 901 philosophus,
976 813 1068 879 unde
1091 821 1126 879 et
1149 814 1323 901 sapientes
1353 815 1463 881 astris
1497 811 1622 878 domi·

451 943 528 1007 nari
546 950 599 1007 est
617 941 655 1006 in
674 941 866 1029 proverbio.
887 940 986 1018 Quod
1005 964 1086 1008 vero
1108 943 1237 1007 attinet
1264 943 1308 1008 ad
1330 943 1479 1009 vincula
1498 940 1620 1007 medii

405 1076 426 1138 ὃ
449 1067 602 1154 generiS,
615 1066 720 1133 habet
731 1066 908 1152 generatio
928 1065 1128 1132 helluonum
1146 1073 1185 1132 ut
1202 1067 1457 1134 continentiam
1479 1068 1616 1148 iactet,

449 1192 628 1276 generatio
648 1212 728 1258 vero
748 1190 1013 1258 libidinosorum
1033 1191 1265 1257 sobrietatem.

821 1413 970 1456 Vinclbillum
985 1412 1109 1454 dictinctio.
1125 1414 1175 1453 Art.
1191 1415 1219 1453 V.

539 1563 591 1628 Ex
620 1584 659 1629 eo
690 1563 781 1648 quod
805 1562 962 1651 proxime
983 1563 1113 1629 dietum
1133 1570 1199 1645 est,
1220 1561 1436 1630 considerare
1457 1561 1547 1627 licet
1568 1569 1613 1626 ut

449 1687 600 1753 intensio
628 1688 732 1753 unius
762 1687 895 1754 vinculi
924 1687 1045 1753 reddat
1072 1687 1141 1753 alia
1172 1687 1305 1753 vinculi
1335 1687 1449 1774 speeie
1483 1686 1612 1751 minus

387 1828 427 1890 10
449 1813 614 1878 vineibile
634 1836 691 1878 seu
711 1813 895 1879 remissius.
915 1813 1049 1879 ideireo
1080 1811 1274 1878 Germanus
1297 1812 1411 1878 minua
1431 1812 1610 1878 sollicita·

450 1947 507 2003 tur
522 1937 566 2003 ad
581 1938 763 2024 Venerem,
778 1939 887 2005 italus
900 1940 1015 2005 minus
1030 1938 1074 2004 ad
1087 1939 1470 2025 crapulam3Hispanus
1487 1938 1608 2023 magis

449 2086 578 2149 pronus
598 2071 649 2129 est
668 2064 711 2130 ad
727 2087 892 2148 amorem,
914 2065 1035 2131 Gallus
1055 2065 1098 2130 ad
1116 2065 1216 2129 iram.

809 2291 929 2331 Vluclbilia
943 2302 1020 2331 remen
1035 2302 1073 2330 ceu
1089 2292 1168 2331 lenior.
1184 2292 1234 2330 Art.
1253 2289 1290 2330 VI.

537 2440 701 2506 Vincitur
731 2441 879 2506 maxime
905 2440 1051 2525 aliquid,
1080 2442 1217 2525 quando
1247 2440 1380 2526 aliquid
1404 2441 1457 2506 sui
1486 2443 1626 2507 estin·

385 2579 425 2641 15
448 2566 635 2649 vinciente,
656 2565 712 2630 vel
735 2565 812 2630 ideo
833 2565 915 2650 quia
934 2588 995 2652 per
1018 2565 1150 2651 aliquid
1179 2566 1233 2630 aui
1258 2566 1415 2634 vinciens
1443 2567 1604 2655 imperat

448 2690 510 2755 illi.
530 2691 623 2756 Hine
641 2690 892 2756 necromantici
916 2695 968 2772 (ut
991 2712 1059 2756 uno
1076 2691 1113 2755 in
1129 2714 1256 2778 genere
1271 2692 1516 2773 demonstrem)
1532 2715 1604 2781 per

448 2839 579 2902 ungues
594 2824 628 2881 et
641 2817 782 2903 capillos
801 2817 975 2900 vivorum,
994 2817 1077 2901 quin
1094 2817 1163 2881 imo
1179 2824 1213 2881 et
1229 2841 1292 2904 per
1310 2819 1458 2883 vestium
1473 2828 1600 2905 partes

448 2956 481 3006 et
500 2942 660 3026 vestigia,
682 2943 718 3007 in
738 2942 937 3007 universum
962 2965 1083 3028 eorpus
1108 2965 1264 3041 exercere
1283 2944 1462 3010 confidunt
1481 2945 1597 3031 impe-

447 3069 554 3148 rium,
578 3090 639 3153 per
658 3090 733 3133 osea
752 3068 835 3132 item
855 3076 889 3132 et
909 3089 1130 3154 quaeeunque
1150 3074 1363 3134 mortuorum
1382 3080 1500 3156 partes
1525 3093 1599 3135 ma·

378 3204 422 3264 ‘20
445 3216 505 3257 nee
519 3201 672 3257 evocant.
684 3192 785 3260 Unde
801 3215 869 3258 non
885 3200 1012 3258 temere
1025 3194 1221 3279 sepulturas
1240 3195 1389 3260 maxime
1409 3194 1596 3278 curabant,

445 3340 545 3402 rogos
557 3327 829 3404 praeposuerunt
842 3326 876 3382 et
888 3318 1100 3404 insepultum
1113 3319 1308 3404 relinquere
1321 3320 1412 3384 inter
1425 3320 1501 3386 sera
1514 3344 1598 3406 sup-

444 3444 550 3530 plicia
574 3443 831 3529 computabant.
852 3442 1019 3508 Rhetores
1039 3450 1113 3507 arte
1134 3444 1409 3509 benevolentiam
1430 3453 1594 3531 captant,

445 3570 521 3634 ideo
542 3577 581 3634 ut
600 3569 732 3653 aliquid
751 3568 804 3633 sui
821 3568 994 3632 auditores
1014 3575 1047 3632 et
1067 3567 1170 3632 iudex
1191 3567 1316 3633 habeat
1336 3568 1475 3655 inipso.

834 3812 952 3851 Viueibllla
968 3817 1063 3862 ternpus.
1080 3812 1130 3851 aa.
1145 3813 1196 3852 Vll.

378 3998 421 4058 25
534 3992 601 4054 Pro
618 3990 741 4053 aetatis
758 3995 861 4072 atque
878 3987 1042 4074 temporis
1058 3990 1226 4053 varietate
1244 3990 1339 4054 varie
1358 4013 1465 4055 unum
1482 3991 1594 4055 idem-

446 4138 511 4199 que
538 4118 578 4179 fit
607 4115 784 4197 vineibile,
811 4121 846 4178 et
872 4114 968 4178 varia
992 4123 1073 4179 sunt
1097 4114 1140 4178 ael
1159 4137 1266 4179 unum
1285 4115 1445 4201 idemque
1469 4115 1595 4181 vincu-

536 4376 756 4442 asutjenurm
802 4378 1030 4441 affranium
1080 4378 1435 4442 uocauerant-aram
1489 4382 1591 4432 raue-

445 4457 629 4507 eromantieie
643 4457 676 4506 M
735 4460 764 4507 21
784 4463 998 4523 proposuerunt
1012 4458 1040 4506 M
1047 4452 1058 4484 ¹²
1121 4459 1154 4511 23
1164 4461 1191 4522 f.
1207 4460 1300 4525 ipsis?
