3488 5108
291 400 351 462 476
734 417 873 461 10an
894 417 995 462 envu1

382 579 487 656 Ipsum
515 585 601 656 patet
628 597 683 656 per
709 598 746 638 ea
771 598 848 654 quae
873 576 1013 667 dicuntur
1037 577 1067 636 in
1094 578 1149 636 320
1167 579 1308 653 articulo,
1325 595 1435 654 nempe

293 687 430 764 exemplo
446 685 525 763 ignis
541 694 572 745 et
585 686 694 746 hircini
712 687 869 762 sanguinis
881 687 919 746 ad
937 686 1142 762 uriumantem,
1163 687 1236 746 item
1247 687 1318 761 quia
1332 686 1432 745 oleum

293 814 400 870 equum
422 813 480 851 non
509 793 552 851 ita
580 802 720 869 penetret
744 795 823 852 sicut
850 793 964 869 liguum
982 794 1074 853 etiem
1100 792 1327 866 densissimum;
1349 791 1430 851 uude

293 911 379 980 patet
410 901 541 961 laxiores
569 921 660 978 poros
688 901 717 958 in
743 920 821 975 aque
851 908 882 959 et
912 899 1081 959 strictiores
1109 899 1140 957 in
1165 898 1248 974 ligno
1276 917 1336 957 non
1361 916 1431 957 esse

248 996 269 1059 5
293 1030 413 1070 eausam
430 1028 489 1085 qua
506 1009 605 1068 minus
622 1015 828 1086 penetrentur.
850 1008 898 1066 De
919 1008 986 1067 oleo
1007 983 1125 1082 quodue
1146 1015 1195 1066 est
1216 1006 1432 1077 manifestum,

291 1117 544 1194 quemadmodum
588 1116 700 1176 habeut
726 1126 831 1194 partes
862 1115 959 1190 magis
987 1115 1117 1173 invicem
1145 1113 1315 1190 obligatae,
1344 1112 1430 1188 quasi

291 1235 392 1286 amato
410 1245 488 1285 nexu
505 1224 635 1284 invicem
663 1223 894 1303 compliioatae,
915 1242 991 1298 quae
1012 1236 1195 1281 tamennon
1220 1221 1319 1280 minus
1344 1241 1432 1299 pene·
1457 1209 1555 1272 83ν
1573 1209 1611 1272 0

292 1342 374 1393 trent
395 1334 510 1410 lignum
530 1352 620 1408 quern
640 1351 757 1407 equam.
775 1329 910 1391 Proinde
933 1330 1034 1390 nulius
1056 1338 1104 1389 est
1125 1328 1176 1403 qni
1197 1328 1312 1407 opinari
1333 1328 1431 1407 possit

291 1450 418 1519 propter
434 1440 579 1500 maiorem
595 1439 889 1518 penetrativitatem,
911 1458 988 1514 quae
1009 1446 1058 1498 est
1078 1458 1096 1496 a
1117 1436 1327 1496 subtilioribus
1342 1436 1433 1514 parti·
1500 1518 1510 1532 ³

229 1540 269 1601 10
292 1550 362 1624 bus,
382 1547 560 1624 sanguinem
578 1547 725 1607 hircinum
743 1566 778 1606 eo
796 1554 957 1625 penetrare
974 1566 1034 1621 quo
1051 1565 1112 1605 uon
1129 1552 1272 1623 penetrat
1287 1541 1377 1621 ignis.

773 1825 951 1890 XXXIII.

380 2074 565 2161 Multiplex
594 2081 645 2138 est
674 2072 890 2138 vinculorum
908 2095 1029 2158 genus,
1063 2094 1130 2156 quo
1154 2072 1297 2158 spiritus
1324 2079 1429 2158 utque

291 2221 433 2287 corpora
451 2199 593 2286 physice
613 2197 816 2284 alligantur,
837 2220 983 2283 quorum
1002 2197 1152 2283 primum
1171 2219 1281 2282 genus
1300 2218 1369 2261 non
1389 2219 1431 2261 ex

292 2333 416 2391 natura
430 2324 491 2406 rei,
508 2323 567 2388 sed
585 2346 627 2388 ex
645 2323 816 2409 positione
835 2322 1090 2406 constituimus,
1107 2345 1149 2387 ex
1165 2344 1248 2387 voce
1264 2329 1299 2386 et
1315 2327 1434 2387 cantu.

229 2461 270 2525 15
294 2449 443 2516 Cautum
479 2471 560 2514 vero
588 2470 659 2513 non
704 2448 813 2513 solum
843 2446 1080 2513 harmonicum
1112 2445 1337 2513 anteferimus
1370 2469 1431 2512 seu

292 2576 588 2656 mathematicum,
609 2576 669 2640 sed
688 2576 793 2641 etiarn
812 2576 983 2642 occuitum
1001 2576 1185 2662 quendam,
1204 2576 1264 2661 qui
1279 2575 1367 2640 nihil
1386 2576 1430 2641 ad

290 2701 413 2766 tibiam
432 2702 486 2766 vel
515 2700 559 2765 ad
586 2701 712 2787 lyram,
733 2702 792 2786 qui
822 2723 891 2766 non
922 2725 964 2766 ex
992 2723 1159 2767 consensu
1189 2700 1336 2786 quodam
1361 2701 1433 2766 uni-

292 2848 366 2890 mae
386 2834 559 2912 operatur,
580 2827 639 2891 sed
659 2827 833 2891 interdum
852 2850 893 2891 ex
913 2827 1048 2893 occulta
1067 2825 1215 2911 quadum
1237 2826 1412 2892 violentia.

379 3012 472 3071 Patet
490 3032 526 3071 ex
543 3013 590 3070 his
608 3033 685 3087 quae
703 3013 853 3072 habentur
869 3016 898 3071 iu
917 3015 972 3070 330
990 3013 1127 3072 articulo,

777 3245 948 3308 XXXIV.

381 3489 457 3553 Vox
476 3502 510 3553 et
530 3499 651 3555 cautus
668 3512 737 3554 non
752 3490 861 3554 solum
878 3490 997 3555 audita
1015 3490 1144 3554 vincire
1162 3491 1432 3576 corriperiurrtur·⁷

290 3614 349 3678 sed
373 3615 478 3678 etiem
501 3615 603 3700 longe
625 3639 644 3680 e
668 3614 859 3678 vinciendis
879 3626 914 3678 ot
930 3639 950 3678 a
968 3618 1108 3679 remotis
1132 3639 1201 3679 non
1221 3616 1352 3700 ubsque
1371 3617 1432 3680 uli-

290 3761 356 3823 qua
380 3740 528 3822 ratione,
549 3740 592 3803 ab
616 3740 693 3804 aliis
717 3755 834 3803 tannen
858 3740 976 3805 auditu
1000 3742 1052 3804 vo]
1074 3764 1092 3803 a
1114 3741 1285 3804 concitato
1309 3741 1430 3804 incan-

290 3864 397 3929 tantis
416 3865 541 3951 spiritu
562 3864 726 3929 viitutem
747 3865 932 3951 accipiunt.

222 4056 265 4119 25
379 4049 425 4107 Ex
442 4049 495 4107 34⁰
511 4050 648 4109 articulo.

292 4215 320 4220 -
346 4216 350 4220 .
385 4215 409 4220 ..
449 4216 459 4221 ..
483 4216 486 4221 .
731 4217 757 4222 -.
807 4217 810 4221 ,
831 4216 926 4221 --..-...
960 4215 1011 4220 --.--
1030 4215 1123 4221 --.-..,.
1146 4215 1149 4219 «
1180 4215 1230 4221 .-—
1264 4214 1427 4224 ...u-..-

381 4305 396 4351 ὃ
415 4308 583 4367 penetretur
597 4302 628 4364 03
645 4319 659 4350 o
671 4302 749 4365 forre
772 4303 876 4363 (magis
900 4301 958 4359 vol>
980 4302 1098 4352 minus?
1161 4305 1430 4368 anvruudrnodum

288 4381 422 4445 corriperent.
438 4382 467 4430 M
482 4382 530 4443 (?):
547 4382 702 4446 quodcum
719 4382 740 4430 0
803 4381 850 4430 tt?
867 4384 903 4446 os.
923 4399 951 4445 ρ.
974 4384 1037 4442 439,
1048 4386 1081 4431 27
1146 4387 1176 4434 15
1189 4402 1205 4430 u
1220 4401 1236 4429 e
1252 4402 1267 4430 s
1284 4401 1299 4430 e
1318 4402 1368 4436 seu
1386 4386 1429 4436 M¹

288 4463 318 4512 17
330 4462 440 4527 tybiarn
458 4462 479 4511 0
540 4465 571 4513 19
585 4464 613 4512 in
628 4463 659 4512 32
669 4463 792 4513 articulo
810 4464 842 4525 t),
858 4480 901 4511 nia
913 4464 948 4526 cf.
958 4482 989 4525 p.
1005 4465 1070 4525 443,
1084 4468 1113 4514 16
1128 4482 1182 4530 sqq.
