3488 5108
308 403 368 463 526
748 418 888 465 rounam
908 418 1012 465 savar

308 574 462 662 spacium
481 574 705 662 pervadente)
724 584 777 642 est
804 574 863 640 ille
883 575 939 641 oui
958 575 1175 662 operationes
1204 574 1370 662 physicae
1388 596 1452 641 seu

307 699 462 786 magicae
485 699 697 766 tribuuntur.
721 700 813 766 Hinc
842 699 1025 766 illecebrae
1055 700 1259 767 animalium
1288 699 1454 767 invisibi-

306 823 405 908 lium,
431 823 491 910 qui
515 824 582 891 eibi
601 831 750 912 cognato
766 825 876 891 veluti
895 825 1112 891 nutrimento
1129 833 1234 911 atque
1256 825 1387 913 pabulo
1407 823 1454 891 ad

307 956 417 1016 certos
432 948 631 1017 huiusmodi
646 950 790 1037 spiritus
813 956 1013 1033 accurrunt3
1042 948 1125 1015 hino
1143 948 1224 1015 illae
1246 948 1453 1034 suffumige-

261 1076 282 1138 5
305 1074 431 1158 tiones,
452 1072 495 1140 de
518 1075 644 1161 quibus
667 1097 788 1162 supra,
813 1096 901 1160 quae
924 1081 1041 1140 aereos
1065 1082 1101 1141 et
1119 1092 1246 1160 aqueus
1269 1080 1306 1139 et
1327 1072 1454 1160 ignem

305 1200 449 1288 spiritus
465 1221 526 1266 eeu
544 1199 729 1267 daemonas
757 1198 925 1266 alliciunt.
949 1197 1051 1267 Unde
1070 1198 1181 1265 fertur
1199 1204 1294 1264 certe
1310 1199 1451 1265 ratione
1518 1290 1521 1295 .

304 1346 345 1392 ex
365 1324 592 1392 medicamine
611 1325 732 1392 iecoris
756 1324 1023 1391 chamaeleontis
1047 1323 1243 1408 combusto,
1268 1322 1312 1390 ab
1331 1323 1454 1391 altitu·

304 1449 384 1516 dine
405 1450 500 1535 tecti,
521 1449 689 1517 concitari
707 1449 864 1516 tonitrua
888 1455 922 1513 et
945 1447 1109 1530 fulmina;
1134 1446 1288 1514 eiusdem
1311 1468 1452 1533 quoque

303 1582 447 1661 gutture
461 1581 496 1641 et
512 1575 626 1662 capite
642 1596 783 1641 accenso
799 1572 951 1640 roboreis
966 1571 1074 1660 lignis
1089 1571 1220 1639 imbres
1238 1581 1275 1640 et
1292 1574 1451 1640 tonitrua

239 1705 281 1770 10
304 1702 480 1769 concitari,
499 1704 545 1768 Et
561 1710 613 1769 est
628 1703 693 1768 hoc
708 1701 838 1768 rationi
854 1710 1120 1768 consentaneum
1137 1707 1173 1767 ct
1189 1707 1348 1783 naturae,
1365 1701 1451 1787 quia

305 1829 432 1895 animal
456 1828 545 1894 illud
568 1827 710 1893 omnino
739 1833 792 1892 est
819 1834 958 1892 aereum
976 1833 1011 1891 et
1041 1826 1236 1914 spirituale,
1257 1825 1384 1913 spiritu
1412 1834 1450 1891 et

304 1960 381 2018 edre
397 1953 532 2035 vivenS,
544 1952 690 2037 ideoque
706 1951 780 2018 eius
796 1952 949 2038 corporis
967 1952 1112 2018 materia
1127 1951 1238 2018 aereis
1254 1951 1451 2040 impressio·

303 2078 405 2144 nibus
424 2076 632 2144 innovandis
652 2076 862 2144 commodior
884 2084 1042 2164 apparet,
1067 2077 1097 2143 si
1120 2078 1275 2163 reliquae
1298 2077 1448 2144 ederunt

303 2203 581 2269 circumstantiae
600 2223 685 2290 ques
701 2203 845 2290 practici
858 2202 952 2289 megi
968 2207 1215 2288 cognoverunt.
1232 2202 1323 2267 Item
1337 2200 1448 2268 famo·

238 2334 279 2397 15
302 2349 378 2394 sum
396 2332 432 2394 et
450 2326 634 2414 vulgatum
656 2334 709 2394 est
731 2349 774 2393 ex
797 2327 992 2411 coriandro,
1022 2327 1103 2410 elio,
1132 2326 1343 2413 hyoscyamo
1367 2344 1446 2393 oum

303 2454 416 2520 cicuta
429 2453 522 2521 facto
540 2453 687 2542 fumigio
706 2453 890 2521 daemonas
907 2453 1128 2540 congregari;
1145 2451 1237 2518 unde
1252 2451 1447 2539 vulgariter

301 2578 441 2646 ‘herbae
457 2578 657 2667 spirituum’
677 2578 906 2667 appellantur.
925 2580 1016 2645 Item
1038 2599 1081 2645 ex
1101 2598 1232 2644 cannae
1254 2576 1370 2643 radice
1392 2575 1444 2643 fe-

301 2704 397 2772 rulae
413 2725 491 2771 cum
506 2726 606 2772 succo
621 2705 837 2792 hyoscyami,
858 2706 1005 2791 cicutae,
1022 2755 1120 2771 .......
1136 2711 1171 2770 et
1187 2704 1321 2771 sandali
1336 2704 1445 2770 rubro

301 2839 336 2897 et
351 2853 523 2918 papavere
534 2831 634 2917 nigro
650 2830 744 2897 facta
757 2831 971 2897 confectione
987 2839 1021 2896 et
1036 2831 1116 2897 inde
1133 2831 1249 2897 suffitu
1261 2829 1444 2918 provocari

235 2958 279 3018 Qu
302 2956 430 3042 figuras
450 2956 654 3022 daemonum
675 2963 709 3020 et
728 2963 920 3037 extraneam
941 2957 1066 3042 quibus
1086 2957 1115 3022 si
1138 2955 1287 3022 addatur
1306 2955 1443 3043 apium,

301 3080 403 3168 fugat
421 3081 604 3147 daemones
633 3088 668 3147 et
687 3081 835 3146 destruit
853 3081 945 3147 idola
964 3082 1112 3147 illorum.
1138 3082 1195 3147 Ad
1218 3081 1311 3148 hunc
1329 3081 1445 3148 locum

301 3207 478 3293 pertinent
497 3207 613 3273 omnia
642 3208 816 3273 mirabilia
836 3230 922 3293 spirae
953 3230 994 3273 ex
1013 3207 1132 3273 suffitu
1155 3207 1370 3274 diversarum
1391 3228 1445 3273 re·

300 3353 378 3397 rum
396 3333 643 3420 producuntur.

772 3574 827 3639 De
861 3596 974 3660 aqua.

232 3825 277 3889 ‘25
391 3815 489 3894 Quod
523 3815 674 3882 diximus
706 3815 747 3880 de
778 3816 904 3902 spiritu
938 3816 974 3880 in
998 3815 1147 3880 secunda
1172 3815 1442 3900 significatione,

301 3943 501 4009 universum
529 3942 573 4007 ad
603 3962 730 4027 aquam
758 3963 939 4027 possumus
969 3941 1105 4006 referre.
1126 3940 1318 4006 Humidum
1348 3941 1443 4006 enim

898 4120 1145 4127 w———n—
1154 4122 1159 4127 .

391 4208 404 4258 1
426 4208 477 4258 illa
497 4206 530 4257 M
540 4207 575 4271 (t)
654 4208 670 4257 8
683 4208 759 4271 forae
775 4223 848 4272 quae
925 4208 941 4256 5
962 4208 1058 4272 supra]
1067 4224 1100 4272 p.
1114 4209 1177 4269 504,
1197 4209 1232 4257 24
1251 4224 1305 4272 sqq.
1321 4210 1391 4259 tara
1405 4211 1442 4273 cf.

294 4291 507 4354 p.433,2daqq.
555 4287 766 4340 SoonoitareM
815 4288 845 4338 15
858 4289 1028 4338 nliozallio
1077 4289 1286 4352 hyosciamoM
1333 4292 1363 4341 16
1376 4304 1442 4342 con·

297 4369 465 4486 gregaresM
524 4371 556 4420 18
572 4369 730 4435 hyosciami
742 4368 775 4418 M
837 4402 974 4420 ..........
978 4376 985 4428 ]
1002 4371 1075 4419 tussi
1092 4370 1211 4420 barbani
1229 4371 1260 4420 M
1265 4363 1290 4422 ¹²:
1307 4371 1441 4422 leasibar·

298 4452 373 4502 hasti
385 4451 417 4501 M
