3488 5108
286 393 345 454 lec
724 411 867 457 ronnnru
888 411 990 458 carru

285 567 441 644 universa,
459 568 498 628 ad
515 569 628 647 media,
646 577 754 648 utpote
771 571 812 629 ad
829 570 1045 632 ministeriales
1071 579 1257 651 potestates,
1276 573 1281 652 Ι
1300 592 1377 648 quae
1399 570 1432 631 in
1457 557 1544 621 '71¹'

285 676 437 751 omnibus,
457 677 484 736 si
501 677 560 736 rite
573 676 774 756 inspiciantur
796 686 828 738 et
845 685 1029 756 tractentur,
1056 678 1198 757 supernis
1216 680 1432 758 obtemperant

285 783 465 859 virtutibus;
480 783 519 844 ad
529 784 662 862 inferna,
678 792 785 862 utpote
802 784 842 844 ad
859 786 1042 864 operabilia,
1058 786 1221 860 dequibus
1237 806 1297 845 non
1315 792 1364 846 est
1380 784 1431 845 de·

284 891 477 970 sperandum.

240 1005 261 1067 ῖ)
364 1001 404 1060 X.
423 1000 535 1061 Modus
546 1012 637 1079 atque
649 1000 747 1062 forma
759 1003 910 1063 tractandi
922 1023 989 1063 cum
1000 1003 1141 1063 omnibus
1152 1002 1359 1081 potestatibus
1368 1021 1430 1062 non

285 1111 333 1165 est
349 1106 476 1182 arduus,
495 1108 551 1168 sed
569 1109 642 1169 licet
659 1108 741 1187 apud
758 1110 905 1187 plurimos
922 1110 1012 1171 huius
1030 1109 1106 1169 artis
1121 1109 1320 1186 indagatores
1332 1109 1431 1170 intue-

284 1213 323 1289 ri,
342 1221 378 1273 ut
401 1215 483 1292 apud
511 1216 673 1275 Albertum
690 1217 741 1293 qni
758 1217 921 1294 generales
937 1217 997 1276 hac
1014 1217 1052 1277 de
1076 1237 1110 1277 re
1138 1236 1269 1277 oenones
1295 1216 1432 1276 instituit

284 1327 376 1398 atque
393 1323 514 1384 breves.
537 1323 769 1385 Verumtamen
785 1324 867 1401 quod
888 1326 1015 1385 arduum
1033 1324 1162 1386 dicimus
1192 1344 1274 1402 esse,
1302 1333 1351 1384 est
1377 1344 1430 1384 no·

283 1428 397 1488 minum
408 1430 656 1491 advocandorum
673 1431 817 1493 noticiam
834 1432 949 1492 habere
967 1452 1022 1510 pro
1041 1432 1173 1492 diversis
1186 1426 1321 1508 negotiis
1338 1443 1430 1506 atque

220 1537 262 1600 10
284 1534 417 1595 diversis
437 1536 600 1598 effectibus
617 1538 823 1613 diversorum3
841 1559 917 1615 quae
934 1539 1056 1615 quidem
1073 1539 1195 1599 nomina
1215 1539 1328 1598 multae
1343 1538 1430 1597 iudu-

284 1644 378 1703 striae
390 1644 456 1704 viro
469 1652 500 1705 et
510 1645 541 1706 in
559 1646 616 1706 hac
633 1655 699 1707 arte
715 1647 906 1723 felicissimo,
918 1646 1088 1706 Trithemio
1104 1647 1222 1722 abbati,
1240 1644 1326 1704 fuere
1342 1663 1431 1705 reve·

281 1751 359 1827 lata,
378 1759 410 1811 et
427 1773 483 1813 nos
499 1751 674 1830 redegimus
691 1756 722 1813 in
740 1754 798 1813 hoo
814 1753 1027 1833 compendium
1045 1773 1082 1814 ee
1098 1773 1176 1829 quae
1194 1752 1224 1812 iu
1245 1772 1301 1813 sua
1322 1752 1430 1827 Stega-

283 1859 453 1938 nographia
469 1859 610 1938 dispersa
625 1862 787 1940 proposuit
804 1861 865 1922 ille.

364 1966 422 2026 XI.
434 1967 525 2027 quta
541 1967 635 2045 igitur
646 1968 740 2047 igitur
751 1979 880 2045 quatuor
894 1969 998 2030 mundi
1012 1969 1153 2030 cardines
1170 1976 1299 2045 quatuor
1314 1968 1367 2028 ille
1382 1987 1430 2028 co-

220 2085 260 2145 15
283 2073 391 2147 gnovit
401 2075 564 2153 principos,
577 2095 704 2151 quorum
714 2077 753 2136 ad
765 2077 1010 2156 Septentrionem
1023 2077 1195 2136 dominatur
1206 2075 1363 2135 Armadiel
1375 2084 1427 2137 etc.

284 2180 555 2259 (Stcpauepropb,
574 2206 608 2259 p.
637 2186 697 2262 46).
726 2183 870 2260 Sequitur
894 2184 935 2243 ad
962 2186 1111 2244 Austrum
1136 2183 1278 2243 habitans
1301 2202 1429 2260 magnus

284 2289 426 2368 princeps
445 2289 565 2368 Caspiel
585 2301 637 2351 etc.
660 2294 703 2370 (p.
722 2296 784 2369 55).
804 2291 947 2368 Sequitur
964 2292 1002 2350 ad
1019 2290 1176 2351 Orientem
1198 2289 1358 2350 Carnaziel
1374 2298 1428 2349 cir.

285 2398 328 2475 (p.
346 2399 408 2474 52).
420 2432 459 2442 -
471 2395 559 2480 [w]
578 2397 629 2457 Ad
647 2397 844 2460 Occidentem
870 2408 918 2460 est
939 2399 1134 2476 Auchiadiel,
1153 2399 1205 2475 qui
1221 2406 1274 2460 etc.
1295 2402 1339 2475 (p.
1363 2399 1427 2476 58).

283 2503 336 2561 Dc
358 2503 446 2564 aliis
475 2505 710 2583 principibus
737 2507 909 2567 locorum.
928 2507 987 2567 Est
1004 2507 1090 2566 etad
1109 2505 1355 2584 Septentrionem
1369 2524 1429 2564 ma-

217 2620 261 2683 20
283 2630 361 2686 gnus
382 2612 525 2690 princeps
542 2612 695 2674 Demoriel
716 2624 767 2674 etc.
791 2615 837 2690 (p.
856 2618 894 2673 co
910 2615 978 2692 cp).
997 2614 1049 2674 De
1080 2613 1236 2674 ducibus
1263 2611 1430 2673 determi-

282 2725 406 2778 natum
427 2720 545 2779 locum
563 2741 631 2780 non
649 2721 882 2782 habentibus.
900 2722 1030 2781 Praeter
1043 2721 1100 2780 hos
1111 2721 1266 2800 principes
1278 2729 1310 2780 et
1324 2719 1427 2794 duces,

283 2827 335 2903 qui
351 2828 444 2887 certis
459 2827 535 2887 locis
549 2829 632 2887 orbis
647 2828 812 2890 visibiliter
825 2829 1109 2907 deputantur,·scnt
1120 2827 1242 2903 quidam
1257 2827 1428 2901 instabiles

283 2954 359 3010 quos
375 2935 460 3011 Magi
478 2934 582 2995 dicunt
598 2937 678 2996 siout
695 2956 814 2997 muscas
832 2937 862 2995 in
880 2944 949 2995 a'cre
972 2936 1092 3010 volare,
1116 2935 1181 2994 sine
1200 2934 1322 3010 ordine,
1342 2933 1427 2993 habi·

283 3042 400 3101 tatione
417 3050 448 3102 et
465 3043 674 3122 restrictione,
694 3056 726 3104 et
742 3043 811 3103 ideo
830 3045 1000 3118 ubicunque
1020 3041 1165 3102 advocari
1193 3048 1338 3118 possunt,
1357 3061 1430 3116 quo·

216 3165 259 3226 25
282 3168 348 3208 rum
366 3150 481 3228 primus
503 3159 550 3210 est
571 3150 717 3211 Garadiel
736 3157 786 3211 etr.
810 3150 967 3210 Secundus
989 3158 1060 3227 post
1081 3148 1276 3208 Garadielem
1299 3155 1348 3207 est
1368 3148 1430 3206 Bu-

282 3255 338 3315 riel
357 3266 408 3316 otc.
428 3276 470 3332 tp.
489 3257 741 3339 tertre-[w]
753 3258 916 3317 -Tertius
933 3257 1077 3334 princeps
1089 3264 1217 3314 vocatur
1230 3253 1363 3333 Hydriel
1376 3262 1428 3314 otc.

283 3362 416 3433 Quartus
432 3375 480 3425 est
497 3366 639 3443 princeps
654 3366 704 3442 qui
719 3374 845 3425 vocatur
863 3364 1050 3442 Syrrhiohiel
1067 3374 1119 3423 cto.
1137 3362 1267 3434 Quintus
1285 3363 1428 3441 princeps

283 3479 331 3531 est
348 3472 488 3533 Evomiel
500 3492 555 3532 seu
566 3473 696 3534 Evoviel
710 3482 761 3532 cto.
773 3472 884 3532 Sextus
903 3472 1046 3550 princeps
1064 3471 1174 3529 Icosiel
1194 3479 1245 3529 etr.
1260 3472 1303 3551 (p.
1318 3472 1427 3548 69-77)

281 3576 422 3662 -[72v]
444 3581 495 3640 De
517 3582 629 3641 verbo
655 3588 826 3657 naturae,
851 3580 894 3639 de
917 3579 1137 3639 ceremoniis
1170 3598 1237 3638 seu
1263 3587 1430 3656 ternpore

215 3688 259 3751 30
281 3687 449 3766 agentis,
469 3689 751 3750 characteribus
773 3697 809 3748 et
829 3689 928 3748 notis
950 3687 1099 3747 divinis.
1116 3686 1263 3745 Deseruit
1275 3686 1325 3745 hic
1339 3685 1429 3745 homo

281 3793 407 3870 triginta
424 3795 565 3873 spiritus,
580 3817 706 3872 quorum
717 3796 828 3873 singuli
840 3796 952 3856 suntin
964 3794 1062 3854 officio
1080 3793 1292 3872 praesidentes
1311 3796 1353 3869 (p.
1372 3797 1430 3864 8.‘l;

282 3922 369 3977 sopore
389 3907 420 3962 lo
441 3908 512 3965 licto
535 3909 583 3963 dri
604 3913 687 3964 nomi
711 3908 791 3982 drpli
813 3906 921 3979 spiriti
940 3909 986 3963 coi
1008 3903 1163 3977 rispettiri
1188 3903 1286 3978 sepiri,
1313 3904 1430 3960 ‹li-cersi

282 4017 381 4086 prrcsti
398 4016 478 4072 cello
498 4016 631 4089 staurpc)
649 4022 700 4073 etr.

440 4163 546 4169 .——
551 4163 668 4169 ...m-.--u
682 4164 790 4170 .-.—...
799 4164 855 4170 ....-.
862 4164 873 4170 -
889 4162 993 4169 ..------.
999 4160 1099 4167 -——-—...
1107 4161 1157 4165 ...-
1164 4160 1178 4165 .-

375 4217 477 4281 ‘2dopo
495 4219 628 4283 supernis
646 4216 765 4267 cancella
782 4219 924 4282 imperant
938 4218 972 4281 (i)
990 4216 1020 4265 Μ
1082 4215 1097 4262 3
1115 4216 1258 4265 incarcere
1279 4215 1394 4265 inferna
1414 4233 1429 4265 o

283 4296 380 4347 infima
395 4297 425 4346 M
487 4301 518 4348 15
530 4300 663 4349 Armadel
677 4298 709 4348 M
721 4299 754 4363 (l)
819 4299 849 4346 17
859 4314 871 4346 r
883 4300 911 4346 18
923 4297 1059 4348 Caruesiel
1076 4313 1089 4345 e
1103 4296 1271 4347 Amenadiol
1286 4292 1428 4358 Tritbcm.;

284 4395 296 4426 e
312 4376 366 4427 rosi
381 4376 408 4426 iu
422 4379 520 4444 neptrico
537 4380 646 4429 darcrno
663 4396 765 4443 oeirrpre
782 4381 805 4429 tc
815 4380 905 4443 sorore
920 4379 963 4428 circ
977 4376 998 4427 il
1010 4377 1097 4427 codice
1114 4378 1181 4443 offro
1244 4378 1275 4427 20
1287 4392 1340 4440 sqq.
1354 4392 1377 4426 c.
1391 4392 1430 4423 so-

282 4475 339 4524 pra
348 4477 380 4523 p.
397 4462 460 4521 436,
478 4462 509 4509 19
522 4478 560 4524 aq.
624 4461 656 4512 30
673 4460 868 4512 caracteribus
880 4460 912 4509 Μ
