3488 5108
661 420 791 465 cruris
810 421 970 469 rarorum
992 421 1198 468 srrvvxavu.
1461 380 1502 466 65

358 579 514 646 omnium
533 578 724 649 formarum
743 603 806 669 pro
827 583 1019 670 capacitate
1034 583 1072 649 in
1091 583 1227 649 unitate
1246 582 1391 667 formae,
1412 581 1503 649 sicut

358 711 394 770 ct
408 705 446 771 in
464 704 602 772 unitate
621 706 785 773 materiae
803 707 1069 775 fundamentum
1089 708 1244 775 omnium
1267 708 1503 796 potentiarum

359 838 580 897 concurrunt.
591 830 693 898 Unde
704 829 836 898 ‘omnia
848 833 886 899 in
898 833 1070 899 omuibus’
1084 833 1258 900 intellexit
1267 835 1502 919 Anaxagoras.

448 955 583 1022 XXIV.
609 956 747 1023 Dicitur
764 956 893 1025 Thetin
911 959 1039 1025 multos
1058 959 1218 1045 genuisse
1234 958 1338 1042 filios,
1359 958 1440 1044 quia
1467 958 1505 1024 in

314 1087 336 1150 5
359 1081 515 1149 subiecto
534 1081 679 1169 physico
694 1082 887 1150 verificatio
903 1083 1209 1151 innumerabilium
1226 1084 1415 1172 specierum
1431 1105 1506 1171 per·

286 1186 292 1197 ¹
359 1206 484 1274 ficitur.
1370 1214 1375 1219 “

449 1331 564 1398 XXV.
595 1331 648 1398 Ex
676 1332 730 1399 his
752 1333 880 1400 multos
899 1333 963 1400 sub
987 1335 1068 1421 igne
1097 1342 1203 1402 noctu
1233 1333 1443 1417 occultabat,
1463 1338 1504 1400 ut

361 1481 406 1526 an
435 1467 550 1527 essent
578 1459 740 1525 mortales
771 1459 985 1547 experiretur
1012 1484 1054 1526 ex
1085 1462 1238 1546 mortali,
1265 1468 1300 1528 et
1329 1460 1406 1527 ideo
1434 1482 1506 1526 om·

360 1607 421 1652 nes
440 1584 511 1651 fere
531 1594 683 1652 mortuos
703 1608 775 1651 esse
799 1585 860 1671 qui
883 1609 925 1651 ex
948 1587 1066 1670 Peleo;
1091 1587 1135 1652 ad
1159 1585 1350 1653 notandum
1374 1585 1504 1673 species

296 1714 338 1780 10
361 1732 449 1797 quae
468 1733 488 1776 a
507 1711 662 1779 subiecto
680 1709 825 1797 physico
844 1711 1072 1799 recipiuntur,
1093 1735 1180 1798 quse
1199 1713 1237 1779 in
1256 1710 1505 1798 compositione

361 1837 570 1920 consistunt,
595 1836 812 1903 dissolubiles
837 1859 923 1919 esse,
954 1859 1040 1923 quae
1070 1837 1249 1904 dissolutio
1274 1835 1506 1925 proficiscitur

363 1985 383 2029 a
398 1962 637 2050 penetratione
652 1961 787 2027 externi
802 1961 895 2028 inter
906 1970 1022 2050 partes
1037 1968 1291 2051 componentes.
1308 1962 1402 2027 Hinc
1412 1960 1506 2033 enim

363 2086 625 2154 dissolutionem
656 2093 692 2152 et
720 2085 908 2154 divortium
936 2088 1089 2175 partium
1118 2087 1257 2153 evenire
1286 2093 1407 2153 notum
1436 2095 1503 2169 est3

364 2212 607 2280 dissolutivum
638 2219 754 2278 autem
783 2213 934 2278 maxime
963 2212 1118 2281 omnium
1143 2221 1178 2279 et
1207 2211 1429 2280 alterativum
1455 2217 1507 2278 est

299 2346 341 2415 15
364 2338 471 2426 ignis,
491 2344 633 2426 propter
649 2337 722 2404 eius
741 2337 892 2405 activam
911 2338 1176 2426 penetrantium.
1201 2338 1253 2403 De
1277 2335 1510 2424 corruptibili·

366 2464 430 2531 bus
448 2470 564 2530 autem
584 2486 623 2530 ea
643 2485 729 2549 quae
748 2463 859 2549 magis
875 2470 958 2530 sunt
975 2463 1219 2552 penetrabilia,
1237 2461 1376 2529 facilius
1394 2483 1509 2527 conss·

366 2597 511 2674 quantes
531 2587 760 2672 dissolubilia,
777 2587 943 2655 facillime
961 2589 1154 2656 alterantur
1173 2596 1208 2655 et
1227 2592 1510 2674 corrumpuntur.

455 2713 590 2781 XXVI.
610 2713 663 2780 Ex
682 2714 842 2780 omnibus
861 2714 954 2781 natis
977 2714 1145 2799 Achilles,
1166 2715 1226 2799 qui
1254 2712 1315 2779 diu
1334 2711 1508 2779 ambrosia

293 2885 298 2893 ,
365 2841 639 2931 perfundebatur
662 2849 697 2907 et
725 2850 825 2909 nocte
844 2842 919 2928 igni
944 2843 1216 2930 supponebatur,
1242 2842 1373 2906 virtuto
1397 2839 1509 2905 divini

298 2978 343 3042 20
364 2968 510 3054 liquoris
526 2967 719 3054 perstitisse
732 2967 861 3054 potuit,
875 2969 957 3053 quie
972 2968 1166 3035 esubiectis
1179 2967 1338 3033 omnibus
1353 2965 1507 3053 physicis

365 3091 780 3175 humanumsubiectum,
806 3092 897 3177 quod
921 3114 962 3158 ex
984 3096 988 3177 Ι
1008 3100 1107 3179 parte
1130 3092 1259 3175 lucida,
1279 3098 1400 3178 utpote
1420 3111 1507 3176 quae
1534 3088 1653 3154 139v

366 3226 418 3284 est
439 3218 481 3284 de
501 3240 627 3305 genere
649 3218 735 3284 lucis
755 3224 789 3283 et
813 3225 958 3283 naturae
982 3218 1173 3303 divinioris,
1204 3220 1311 3304 [quse]
1336 3215 1509 3282 ambrosia

365 3342 601 3432 perfunditur,
619 3343 683 3409 hoc
702 3350 754 3408 est
774 3344 926 3410 Deorum
945 3366 1022 3409 esca
1041 3344 1215 3409 enutritur
1234 3351 1268 3408 et
1287 3342 1455 3428 expletur,
1475 3348 1510 3405 et

368 3469 555 3537 secundum
566 3469 669 3535 aliam
681 3474 818 3556 partem
835 3469 978 3535 caeteris
991 3467 1159 3535 fratribus
1171 3468 1397 3549 assimilatur,
1418 3465 1509 3531 unde

301 3603 346 3667 25
369 3594 496 3682 duplex
515 3594 611 3660 ducit
628 3616 756 3680 genus,
776 3594 910 3661 ratione
930 3594 1081 3659 melioris
1100 3593 1209 3680 partis
1229 3614 1299 3659 non
1318 3615 1339 3658 a
1357 3589 1509 3657 mortali·

370 3727 442 3788 tate
461 3720 673 3787 absorbetur.

457 3845 609 3911 XXVII.
631 3844 783 3910 Achilles
802 3844 922 3910 divino
934 3845 1076 3909 numine
1088 3843 1186 3929 qrrasi
1200 3843 1331 3908 virtute
1346 3840 1513 3929 superhu-

373 3994 475 4039 mana
506 3970 641 4038 devicta
665 3970 811 4036 Thetide
830 3969 1033 4057 progenitus
1057 3968 1198 4051 dicitur,
1230 3967 1322 4034 unde
1340 3967 1391 4033 ait
1409 3971 1512 4053 poeta

464 4319 494 4367 18
510 4315 556 4366 die
572 4315 619 4365 11¹:
640 4315 693 4365 Dei
711 4313 744 4364 M
803 4314 834 4364 22
851 4313 886 4362 ds
908 4311 1017 4365 Natura
1038 4311 1069 4361 Μ
1133 4307 1255 4361 abbiamo
1272 4308 1417 4360 cancellato
1438 4323 1512 4374 quas

369 4399 401 4449 ‘23
417 4399 580 4457 bocest1-2-
596 4397 655 4447 ΑΜ
715 4396 746 4445 26
763 4394 935 4444 absorbetur
952 4392 982 4443 Μ
998 4393 1073 4456 (douc
1090 4406 1148 4442 non
1165 4391 1338 4441 absorbetur
1354 4406 1371 4440 a
1387 4388 1514 4440 mortali·

370 4483 457 4546 tcta):
471 4479 638 4530 absolvetur
653 4477 676 4526 A
741 4474 773 4524 28
788 4475 879 4525 Poeta
892 4472 1026 4533 (Ovidius
1040 4471 1071 4524 in
1084 4471 1289 4538 Metamorph.>
1301 4470 1335 4521 Μ
