3488 5108
304 430 362 488 506
513 441 651 486 tonnam
673 440 775 484 usvul
798 439 843 484 DE
863 440 970 484 naula
992 440 1241 485 susannense.

303 601 385 677 quod
403 620 464 659 non
482 618 586 659 omnes
604 598 654 674 qui
671 597 760 656 huius
781 596 857 656 artis
879 596 1028 656 theoriam
1056 597 1169 658 callent
1188 604 1281 673 atque
1300 600 1452 663 rationem

287 709 429 781 habeut,
443 726 529 766 usum
544 704 702 766 commode
715 703 830 763 habere
845 704 977 780 possint,
992 703 1090 780 qualis
1107 724 1176 764 esse
1194 705 1275 783 apud
1290 705 1403 767 idiotas
1420 715 1454 769 et

303 815 416 875 stultos
444 813 616 888 consuevit,
645 812 696 887 qui
724 831 799 870 suae
827 809 952 870 virtutis
978 820 1010 870 et
1038 809 1193 871 efficaciae
1221 813 1368 873 minorem
1400 821 1454 873 aut

302 923 415 983 nullam
443 923 558 982 habent
584 919 743 980 rationem.
771 931 790 968 x
818 916 907 989 Quod
941 919 1154 978 observandae
1185 929 1255 981 sunt
1284 921 1377 982 horae
1399 931 1453 983 cte.

259 1026 279 1086 5
304 1032 314 1110 (
318 1053 348 1108 p.
368 1034 424 1090 las
438 1031 497 1109 aq.)
520 1040 551 1079 xl
569 1026 657 1099 Quod
676 1025 836 1086 artificium
855 1025 1066 1086 characterum
1083 1035 1132 1086 est
1147 1026 1267 1087 habeus
1284 1027 1452 1089 efficaciam

303 1159 321 1197 a
338 1144 439 1197 mente
453 1155 530 1211 quae
544 1134 654 1212 grandi
668 1132 822 1194 desiderio
837 1131 965 1192 affectat
979 1141 1030 1193 etc.
1045 1134 1089 1213 (p.
1103 1135 1181 1215 174).
1197 1146 1239 1185 xa
1258 1134 1346 1207 Quod
1358 1137 1453 1197 scien·

304 1245 374 1306 dum
403 1252 452 1305 est
469 1244 507 1304 de
525 1245 630 1314 rebus,
647 1241 727 1318 quod
745 1261 800 1319 per
818 1260 921 1300 earum
943 1242 1064 1319 species
1086 1249 1177 1317 atque
1205 1241 1320 1304 formas
1348 1265 1453 1306 omnes

303 1353 450 1412 inclinent
465 1351 506 1410 ad
522 1371 556 1410 se
572 1350 657 1428 ipsas
675 1358 726 1409 etc.
743 1349 789 1427 (p.
805 1350 882 1426 176).
901 1358 957 1398 xm
973 1347 1060 1419 Quod
1077 1348 1190 1408 dictum
1206 1362 1254 1410 est
1269 1351 1306 1410 de
1321 1351 1453 1431 appulsu

304 1469 335 1520 et
351 1452 547 1519 inclinatione
559 1457 655 1516 omnis
667 1455 777 1514 similis
789 1454 827 1513 ad
839 1455 939 1514 simile
954 1463 1008 1516 etc.
1021 1456 1066 1535 (p.
1086 1457 1227 1534 178).x1v
1248 1457 1336 1529 Quod
1355 1459 1451 1519 omnis

242 1564 281 1626 10
303 1587 353 1626 res
374 1575 422 1626 est
441 1565 529 1641 plena
546 1563 743 1622 mirabilitate
764 1571 816 1622 etc.
841 1563 886 1639 (p.
911 1563 991 1641 180).
1010 1573 1049 1613 XV
1067 1561 1156 1633 Quod
1179 1583 1240 1621 nou
1262 1571 1309 1622 est
1330 1565 1452 1625 creden·

306 1674 377 1732 dum
395 1692 469 1750 puro
495 1671 652 1749 astrologo
669 1677 768 1730 totam
786 1669 1016 1729 mirabilitatem
1033 1669 1073 1729 ad
1099 1669 1216 1729 caelum
1236 1667 1385 1730 referenti
1402 1681 1454 1734 etc.

306 1782 352 1858 (p.
363 1780 441 1858 181).
459 1788 509 1827 xm
533 1777 620 1848 Quod
639 1777 821 1838 mirabilitas
838 1777 1004 1837 secundum
1021 1777 1164 1837 diversos
1180 1779 1287 1839 modos
1304 1779 1386 1839 exire
1404 1801 1454 1859 po

307 1894 369 1945 test
384 1906 401 1944 a
415 1886 519 1959 rebus,
538 1894 569 1943 et
581 1905 636 1962 per
651 1883 743 1968 [86¹⁷]
757 1884 890 1945 virtutes
902 1886 1052 1944 caelestes
1065 1894 1116 1945 σίσ.
1131 1886 1175 1963 (p.
1188 1887 1268 1965 133).
1284 1897 1348 1936 XVH
1366 1886 1455 1959 Quod

305 1991 471 2052 notandum
488 2000 536 2052 est
553 1991 591 2050 de
608 1994 700 2051 rebus
712 1992 868 2051 cuiusnam
893 1992 955 2052 sint
975 1992 1132 2069 qualitatis
1149 2003 1181 2051 et
1198 1992 1409 2071 dispositionis
1425 2006 1457 2055 et

243 2106 282 2168 lb
307 2101 505 2180 proprietatis
524 2109 576 2162 etc.
596 2102 640 2179 (p.
660 2103 740 2180 184).

386 2208 473 2268 Haeo
488 2217 559 2267 sunt
576 2228 654 2284 quae
672 2208 845 2267 universam
875 2208 994 2284 magiae
1019 2208 1169 2267 rationem
1191 2208 1360 2285 continent,
1379 2229 1455 2285 quae

307 2315 420 2375 homini
437 2315 579 2393 prudenti
597 2324 690 2390 atque
707 2323 833 2374 sensato
848 2315 914 2373 sola
931 2313 1101 2391 sufficiunt,
1115 2335 1172 2375 nec
1187 2315 1301 2395 placuit
1315 2316 1456 2378 attulisse

308 2424 447 2501 exempla
465 2431 497 2481 et
514 2431 635 2482 caetera
659 2421 867 2501 particularia,
887 2422 1044 2499 inquibus
1071 2422 1123 2481 alii
1145 2432 1346 2501 occupantur,
1364 2444 1457 2499 quan-

310 2528 471 2606 doquidem
493 2529 547 2588 illa
576 2549 638 2588 nou
664 2529 792 2590 habenti
819 2529 927 2589 harum
953 2549 1055 2590 rerum
1080 2531 1232 2590 rationem
1253 2530 1327 2591 nihil
1354 2531 1457 2592 deser-

243 2647 286 2710 20
310 2641 375 2699 vire
393 2645 523 2716 possunt
542 2644 574 2697 et
598 2637 715 2696 frustra
731 2645 897 2696 tentantur.
916 2638 1014 2696 Porro
1033 2638 1108 2697 haec
1128 2638 1196 2716 ipsa
1217 2638 1402 2715 intelligenti
1424 2649 1456 2700 et

309 2747 339 2804 in
361 2764 464 2804 eorum
488 2743 732 2804 consideratione
759 2743 972 2821 profundenti,
994 2764 1052 2802 non
1071 2745 1169 2803 solum
1191 2745 1266 2805 talia
1282 2755 1314 2805 et
1331 2746 1453 2824 eadem,

309 2853 364 2914 sed
388 2864 418 2912 et
445 2853 556 2912 similia
584 2861 615 2911 et
640 2850 755 2909 maiora
782 2859 812 2909 et
839 2851 968 2910 maxima
990 2859 1062 2910 sunt
1089 2852 1203 2930 pervia.
1230 2853 1262 2911 Si
1289 2855 1357 2929 quis
1380 2875 1455 2934 ergo

310 2961 463 3020 existimet
480 2981 536 3018 nos
554 2960 736 3035 completam
758 2967 854 3017 artem
876 2980 937 3017 non
960 2959 1116 3035 attulisse,
1141 2967 1172 3019 et
1198 2963 1297 3020 omnia
1318 2982 1395 3037 quae
1418 2983 1456 3022 ex

311 3070 437 3127 aliorum
455 3068 565 3126 stauliis
583 3067 621 3125 ad
640 3067 893 3144 complementum
916 3067 1074 3142 scientiae,
1098 3067 1194 3126 solum
1218 3071 1457 3146 supervacaneis

245 3191 287 3252 25
312 3176 550 3254 praetermissis,
569 3195 628 3233 uon
650 3195 850 3251 aggregasse,
871 3176 948 3234 sciat
965 3175 1040 3234 illud
1059 3195 1127 3234 esse
1146 3175 1300 3235 defectum
1318 3177 1364 3236 sui
1381 3176 1457 3236 iudi-

312 3283 349 3341 cii
376 3292 407 3341 et
433 3284 543 3342 mentis
571 3282 828 3358 imbecillitatem,
859 3284 929 3359 quia
956 3283 993 3340 ad
1020 3284 1096 3342 haec
1124 3293 1155 3341 et
1181 3283 1241 3341 alia
1258 3284 1456 3361 percipienda

311 3391 409 3449 minus
436 3411 453 3448 a
482 3391 565 3447 caelo
593 3388 693 3448 sactus
719 3399 766 3449 est
794 3389 928 3449 idoneus,
959 3390 1047 3461 Quod
1075 3391 1101 3450 si
1125 3391 1174 3464 qai
1201 3391 1296 3451 libros
1324 3392 1456 3452 maiores

311 3497 506 3574 inscripsisse
523 3497 677 3571 videntur,
698 3497 797 3574 ipsum
819 3506 867 3556 est
888 3500 958 3573 quia
972 3505 1116 3557 extranea
1143 3506 1175 3556 ct
1199 3498 1237 3555 ad
1266 3518 1329 3556 rem
1357 3499 1456 3558 minus

313 3604 456 3664 facientia
485 3605 646 3683 plurimum
672 3606 835 3677 miscuere,
864 3603 996 3665 fortasse
1023 3614 1056 3664 ut
1083 3615 1179 3664 artem
1198 3605 1295 3664 tainus
1318 3606 1454 3682 perviam

248 3716 291 3776 30
314 3712 467 3787 facerent,
486 3712 564 3787 quod
582 3732 637 3770 nos
655 3712 766 3772 fecisse
786 3713 946 3790 potuimus.

826 3907 947 3967 FINIS.

408 4207 617 4253 acaractcrum
683 4205 713 4251 lu
731 4202 853 4251 habendi
871 4202 902 4250 Μ
915 4203 949 4263 (ἰ)
1013 4203 1045 4250 ‘22
1062 4203 1186 4251 maxima
1204 4200 1248 4249 his
1268 4201 1303 4264 (ἰ)
1324 4206 1394 4251 sunt
1414 4201 1457 4250 Ml

316 4300 468 4402 orgolglll
527 4334 938 4398 Lllforscscicnmaotfaciunm
1003 4336 1250 4399 ‘Ethuialquacrll
1311 4335 1457 4403 attactus]

299 4420 406 4467 ·fact..
423 4415 575 4477 alariarum
588 4417 706 4475 scrzraitu)
721 4415 751 4464 M
813 4417 845 4463 28
861 4415 928 4479 quia
943 4415 1122 4465 lucrosum-sla·
1135 4417 1151 4465 ἰ.
1168 4433 1189 4464 c.
1202 4433 1231 4478 p.
1247 4419 1310 4464 551:
1328 4432 1384 4480 qua
1398 4416 1428 4464 M
