3488 5108
549 419 638 464 nram
660 419 872 465 rurarcouvu
894 420 1106 464 Λιιιετοτκωε
1128 421 1321 466 arrianam.
1444 405 1500 463 391

361 576 537 658 consistit,
557 576 721 642 videntur
740 600 781 642 ex
805 599 913 662 aequo
933 600 1006 642 esse
1024 583 1117 642 terra
1145 583 1180 641 et
1199 597 1301 662 aqua,
1322 583 1360 640 ut
1381 576 1417 641 in
1435 575 1504 657 hie,

363 724 451 789 quae
465 709 546 768 sunt
559 703 721 770 lacrimae
740 704 917 786 arborum,
937 704 1046 770 veluti
1066 704 1219 791 myrrha,
1237 703 1351 786 thure,
1371 702 1505 789 gummi

362 837 398 895 et
413 831 555 913 electro,
576 851 663 915 quae
680 830 810 916 frigido
830 839 1066 914 concrescunt,
1080 831 1192 897 calido
1204 830 1365 897 exrulant.
1379 828 1507 895 Omnia

363 977 450 1042 quae
482 956 667 1041 liquefiunt
695 955 791 1041 igne,
826 961 907 1021 sunt
940 977 1048 1042 aquea
1080 957 1192 1042 magis
1221 962 1282 1023 aut
1310 955 1506 1022 communia

318 1084 339 1148 5
364 1102 475 1166 aquae
494 1087 529 1144 et
547 1088 677 1146 terrae:
697 1079 802 1168 primi
821 1081 957 1166 generis
976 1081 1049 1165 nix,
1070 1081 1216 1168 glacies3
1241 1081 1396 1165 secundi,
1418 1103 1504 1146 cera.

361 1204 419 1271 Sic
432 1227 564 1289 aurum,
582 1227 648 1287 aea,
662 1212 835 1288 stannum,
847 1205 1037 1293 plumbum,
1057 1206 1188 1272 vitrum
1200 1213 1234 1272 et
1246 1205 1348 1272 multi
1364 1205 1505 1293 lapidea,

362 1330 420 1416 qui
444 1330 641 1417 liquescunt
674 1329 797 1411 calide,
823 1353 932 1417 aquae
963 1338 1057 1415 eunt,
1077 1339 1112 1397 et
1142 1331 1324 1418 quaedam,
1359 1353 1446 1416 quae
1468 1330 1507 1395 li·

362 1462 530 1540 quescunt
558 1454 702 1542 frigide,
736 1462 776 1520 ut
804 1456 920 1538 urina,
950 1464 1103 1542 acetum,
1133 1455 1309 1540 lixivium,
1339 1478 1452 1521 serum
1473 1462 1508 1520 et
1576 1546 1578 1551 Ι

361 1581 483 1647 sanies.
504 1580 630 1646 Terrae
665 1587 781 1646 autem
805 1580 917 1669 magis
952 1589 1032 1647 sunt
1065 1605 1207 1668 cornua,
1238 1605 1385 1671 ungriae,
1416 1604 1506 1665 ossa,

296 1714 339 1779 10
360 1705 474 1786 nervi,
495 1705 607 1791 ligna,
631 1705 710 1792 pili,
731 1704 829 1789 folia,
850 1713 987 1790 cortex,
1007 1707 1092 1774 item
1111 1708 1290 1786 electrum,
1311 1706 1451 1794 myrrha
1471 1713 1506 1773 et

362 1830 480 1898 omnia
503 1853 590 1916 quae
614 1830 778 1897 dicuntur
806 1832 983 1913 lacrimae,
1011 1841 1123 1899 terrea
1152 1833 1292 1919 quidem
1322 1840 1417 1915 sunt,
1447 1831 1507 1897 aed

364 1957 500 2040 minus;
520 1957 631 2043 magis
650 1964 766 2023 autem
786 1958 925 2046 tophus,
945 1957 1094 2043 furatus,
1111 1958 1287 2047 legumina
1303 1967 1337 2025 et
1355 1958 1505 2024 frumen·

363 2089 419 2166 ta;
445 2083 594 2171 amplius
619 2084 764 2168 nitrum,
785 2086 872 2152 sales
903 2094 937 2152 et
956 2086 1110 2174 lapidum
1138 2109 1274 2174 genera.
1300 2086 1505 2153 Communia

362 2218 487 2294 terrae,
507 2232 617 2296 aquae
632 2218 667 2276 et
685 2210 757 2276 a'e'ri
776 2219 857 2276 aunt
873 2213 1049 2304 genitura,
1070 2213 1225 2300 sanguis3
1243 2213 1375 2280 sedhic
1394 2215 1506 2301 magia

298 2336 348 2400 15
362 2343 414 2401 est
430 2336 603 2402 terrestris
620 2343 655 2402 et
672 2337 915 2419 incrassabilia,
929 2337 1011 2422 quia
1022 2338 1184 2425 genitura
1200 2339 1384 2405 resolvitur
1398 2361 1507 2426 usque

362 2460 447 2526 adeo
471 2467 511 2525 ut
534 2462 708 2528 exiccatae
731 2462 805 2529 eius
829 2462 917 2529 nihil
936 2471 1115 2551 appareat,
1147 2486 1218 2531 non
1236 2465 1285 2530 elo
1304 2464 1346 2530 de
1370 2464 1507 2551 sangui·

364 2608 426 2668 ne;
446 2586 530 2652 item
549 2587 692 2674 sanguis
710 2585 841 2673 frigore
860 2589 1061 2672 concrescit,
1081 2590 1243 2676 genitura
1261 2611 1343 2656 vero
1368 2612 1452 2675 non,
1472 2597 1507 2655 et

363 2733 384 2777 a
403 2711 521 2799 tepido
541 2721 618 2778 aare
634 2713 835 2796 resolvitur,
855 2721 929 2780 tota
949 2715 986 2779 in
1005 2715 1148 2802 spiritus
1167 2715 1264 2782 abire
1282 2715 1429 2782 videtur.

628 2989 677 3036 Quo
692 2993 759 3039 pacto
773 2993 937 3040 coquoucantur
952 2989 1071 3040 frigidiora
1084 2995 1107 3030 et
1119 2990 1237 3031 calidiora.

296 3241 340 3305 ‘20
454 3234 644 3319 Postquam
676 3231 930 3298 consideratum
950 3239 1016 3316 est,
1047 3255 1133 3318 quae
1153 3241 1235 3298 aunt
1256 3232 1452 3300 humidiora
1471 3243 1505 3299 et

361 3358 516 3432 sicciora,
537 3357 760 3441 consequitur
778 3357 936 3422 doctrina
955 3365 990 3422 et
1008 3357 1162 3443 cognitio
1180 3380 1312 3444 eorum,
1327 3359 1364 3424 in
1381 3359 1504 3444 quibua

360 3484 559 3549 dominatur
572 3505 680 3549 unum
695 3483 750 3549 vel
764 3482 914 3549 alterum
927 3482 1133 3565 activorum,
1149 3484 1300 3549 calidum
1314 3507 1437 3571 nempe
1451 3485 1505 3549 vel

361 3609 538 3695 frigidum.
559 3608 714 3674 Primum
735 3630 818 3694 ergo
834 3608 1039 3692 notandum,
1060 3609 1152 3694 quod
1176 3610 1302 3694 omnia,
1322 3611 1359 3673 in
1381 3610 1505 3695 quibua

362 3741 414 3799 est
433 3733 624 3821 plurimum
645 3757 753 3820 aquae
772 3756 832 3799 seu
851 3733 1050 3799 dominatur
1069 3756 1174 3819 aqua,
1195 3759 1235 3801 ea
1253 3737 1328 3822 ipsa
1353 3735 1424 3800 sint
1448 3735 1505 3799 fri-

295 3872 339 3936 25
363 3859 445 3946 gida
463 3859 505 3924 <le
525 3883 587 3925 aria
607 3868 750 3936 natura,
770 3858 881 3924 calida
902 3880 982 3922 vero
1001 3882 1074 3924 esse
1093 3867 1239 3946 possunt
1258 3860 1371 3925 aliena
1391 3859 1505 3925 calidi-

361 3991 445 4066 tate,
466 3992 506 4050 ut
525 3985 701 4066 lixivium,
729 3983 830 4049 urina
855 3993 889 4048 et
912 3984 1050 4065 vinum,
1073 3984 1110 4049 in
1134 3986 1259 4070 quibua
1279 3991 1394 4050 autam
1415 3991 1506 4049 terra

363 4109 577 4194 dominatur,
595 4109 838 4196 utplurimum
858 4120 940 4173 sunt
957 4108 1080 4194 calida,
1103 4116 1143 4175 ut
1162 4110 1238 4175 calx
1258 4116 1293 4175 et
1317 4110 1413 4175 cinis.
1434 4110 1509 4174 Fri·

363 4236 544 4324 gidissima
573 4244 670 4320 sunt,
690 4235 727 4300 in
747 4235 872 4320 quibus
897 4234 1096 4301 dominatur
1115 4244 1206 4301 terra
1225 4243 1259 4301 et
1284 4258 1372 4322 aqua
1392 4237 1506 4319 (ambo

451 4501 536 4551 aeli
551 4498 714 4563 lachrymae
731 4497 753 4549 0
814 4497 830 4547 ‘2
847 4497 953 4548 mirrha
968 4497 1000 4560 0,
1016 4513 1059 4547 ma
1070 4497 1105 4562 cs.
1119 4513 1142 4547 o.
1158 4498 1190 4546 10
1253 4497 1292 4549 17.
1303 4497 1335 4548 18
1349 4496 1423 4549 nicO
