3488 5108
531 1361 603 1436 DE
644 1361 913 1439 PLVRIBVS
953 1360 1345 1440 INVESTIGANDI

786 1503 1087 1583 SPEOIEBVS.

456 1807 487 1873 Ε
505 1806 725 1895 multiciplioi
743 1814 859 1874 autem
879 1808 1113 1895 investigandi
1131 1808 1288 1875 ratione:

457 1931 537 1998 Alia
553 1940 604 1998 est
617 1955 678 2020 per
690 1931 946 2016 resolutionem,
965 1932 1251 2019 quemadmodum
1270 1939 1365 1999 extat
1385 1933 1504 1999 inven-

323 2071 345 2135 5
367 2059 418 2126 tio
436 2059 625 2146 scripturae
646 2065 750 2144 atque
767 2057 1009 2144 grammatices
1026 2080 1126 2124 voces
1142 2058 1433 2146 distinguentium
1450 2065 1502 2123 at·

369 2207 435 2271 que
452 2190 564 2249 notas.

455 2308 538 2375 Alis
556 2315 607 2374 est
624 2331 687 2395 per
704 2308 960 2394 formationem,
980 2308 1267 2395 quemadmodum
1291 2315 1343 2375 est
1366 2315 1501 2374 statuae

368 2435 476 2521 (idoli)
492 2434 661 2502 confectio
681 2434 946 2501 eademeadem
964 2435 1070 2502 variis
1089 2456 1206 2523 pressa
1225 2434 1387 2520 modulis,
1405 2442 1445 2501 ut
1459 2456 1501 2500 ex

366 2561 482 2628 eedem
502 2560 640 2646 quidem
664 2582 756 2626 nuno
778 2559 966 2642 hominem,
990 2582 1082 2628 nunc
1105 2581 1244 2647 equum,
1269 2581 1363 2627 nunc
1385 2583 1500 2645 avem,

301 2693 343 2755 10
365 2708 456 2752 nunc
474 2707 535 2751 vas
554 2692 618 2750 etc.
636 2685 806 2772 possimus
825 2684 1020 2751 informare.

454 2810 533 2875 Alia
554 2817 605 2875 est
629 2831 691 2896 per
714 2809 830 2896 iugem
853 2815 888 2874 et
911 2808 1104 2875 ordinatam
1135 2809 1386 2896 appositionem
1410 2809 1501 2875 divi·

364 2934 508 3001 duamm
531 2935 683 3022 partium
712 2932 803 3000 circa
830 2936 941 3022 ἄτομον
969 2933 1162 3022 spiritualis
1191 2934 1263 3000 sive
1286 2934 1501 3001 substantiae

364 3083 558 3148 corporeae.
591 3129 600 3147 ,

452 3188 532 3254 Alia
551 3194 603 3252 est
621 3209 683 3274 per
705 3186 837 3253 variam
860 3185 1072 3253 diversarum
1100 3187 1252 3275 partium
1276 3187 1501 3254 combinatio-

300 3316 340 3379 15
364 3337 442 3379 nem
454 3321 490 3378 et
501 3312 757 3395 elementorum,
769 3310 1054 3398 quemadmodum
1067 3314 1104 3377 in
1116 3312 1237 3378 domus
1248 3312 1502 3378 constructione

363 3439 545 3525 contingit.

451 3565 532 3630 Alia
555 3587 617 3651 per
647 3563 841 3630 ordinatam
864 3560 1037 3648 quandam
1060 3562 1334 3629 subtractionem
1357 3563 1400 3628 ab
1425 3563 1501 3628 uni·

363 3711 460 3757 verso
486 3690 601 3775 aliquo
625 3688 823 3774 infigurato,
849 3687 1135 3774 quemadmodum
1159 3689 1249 3754 circe
1273 3688 1499 3775 infiguratum

362 3817 511 3904 lapidem
523 3815 750 3883 diversimode
762 3813 994 3880 subtrahendo
1006 3813 1276 3880 innumerabiles
1288 3815 1496 3902 plantarum,

297 3945 342 4010 20
363 3941 566 4008 animalium
594 3948 628 4007 et
656 3939 801 4006 aliorum
837 3960 1043 4025 organorum
1076 3939 1285 4005 exsuscitare
1319 3961 1502 4026 possumus

364 4066 502 4154 figuras.

456 4300 470 4349 7
487 4296 700 4349 staturosum!
745 4297 761 4346 9
777 4312 853 4347 nunc
865 4295 977 4362 quidem
991 4310 1097 4362 equum
1107 4311 1183 4346 nunc
1195 4295 1339 4346 hominem
1356 4299 1415 4360 (om.
1426 4310 1502 4345 nunc

364 4381 457 4444 crem)
471 4379 503 4429 Μ
555 4378 585 4428 12
602 4393 698 4443 ατομον
708 4376 766 4440 (iic)
778 4379 798 4426 A
808 4393 814 4425 x
826 4375 990 4426 atomumM
1035 4377 1073 4426 12.
1082 4377 1112 4425 18
1121 4391 1273 4442 corporeae
1283 4377 1464 4427 substantiae
1473 4375 1502 4425 M

365 4460 396 4511 18
411 4459 509 4526 aliquo
519 4457 809 4520 inordinatofigurato
822 4461 876 4518 (mo
890 4456 912 4505 le
924 4457 1013 4506 lettere
1025 4457 1157 4507 ordinato
1171 4472 1235 4507 nono
1248 4457 1401 4522 cancellare)
1416 4455 1439 4505 A
