3488 5108
286 392 345 450 138
725 403 866 448 roannnr
885 401 989 447 anvur

370 560 505 627 XVIII.
530 559 596 625 Pro
616 556 772 625 custodia
791 566 826 624 et
845 557 1120 641 conservatione,
1140 566 1181 625 ut
1197 558 1349 626 animam
1365 581 1426 626 no·

281 695 389 755 stram
407 686 534 753 habere
564 684 713 751 dicimur
741 684 779 749 in
802 683 963 751 manibus
985 684 1127 767 nostris,
1147 691 1182 750 et
1200 684 1372 751 iustitiam
1391 691 1427 751 et

281 813 315 879 le
341 835 405 880 em.

316 837 340 901 g
370 937 473 1003 XIX.
498 937 646 1025 Propter
660 936 817 1022 regimen
833 941 868 1001 et
880 934 1183 1022 gubernationem,
1196 942 1237 1002 ut
1248 958 1310 1002 rex
1320 935 1426 1003 habet

238 1072 259 1135 b
282 1086 445 1152 regnum,
464 1062 536 1128 dux
553 1061 737 1150 populum,
757 1064 877 1148 pastor
895 1083 1045 1148 gregem.

372 1191 456 1256 XX.
481 1190 709 1278 Usurpative,
728 1187 955 1272 vindicative,
977 1188 1158 1256 sublative.

374 1315 477 1381 XXI.
498 1314 726 1403 Subreptitie,
746 1313 883 1398 furtim,
905 1313 1028 1381 subdol
1049 1365 1056 1380 .

372 1441 493 1507 XXII.
528 1441 757 1526 Fraudatum,
795 1463 1033 1529 suppressum,
1070 1442 1295 1543 denegatum,
1334 1441 1427 1508 debi-

283 1567 421 1635 torium.

373 1692 513 1760 XXHI.
537 1693 706 1781 Raptum,
725 1694 943 1782 praedatum,
962 1700 1146 1760 extorsum.

373 1819 507 1885 XXIV.
528 1819 767 1903 Elaboratum,
785 1820 975 1903 devictum,
993 1825 1204 1907 superatum.

373 1945 489 2012 XXV.
514 1945 713 2029 Inventum,
733 1952 917 2033 postquam
936 1945 1176 2034 perquisitum.

375 2071 510 2138 XXVI.
534 2070 711 2155 Raditum,
730 2079 914 2158 postquam
933 2077 1055 2138 mutuo
1074 2071 1269 2158 elargitum.

374 2197 529 2264 XXVII.
553 2197 760 2279 Lucratum,
781 2196 998 2282 acquisitum.

373 2322 545 2387 XXVIII.
580 2321 862 2410 Suppeditatum,
900 2322 1220 2407 subministratum,
1258 2330 1427 2391 exactum.

374 2447 514 2513 XXIX.
534 2448 624 2514 Item
643 2447 886 2537 efflagitatum,
905 2449 1147 2535 imprecatum,
1167 2449 1359 2516 obtentum.

374 2572 496 2638 XXX.
520 2572 575 2638 Ex
593 2573 725 2639 incerta
744 2596 863 2640 caussa
887 2581 922 2639 et
940 2574 1087 2658 occulta,
1110 2574 1203 2640 unde
1232 2575 1360 2642 dicitur
1387 2598 1430 2641 ex

286 2698 378 2781 feto,
398 2697 553 2783 fortuna,
574 2698 780 2765 necessitate
795 2697 972 2783 materiae,
991 2699 1184 2765 activorum
1199 2701 1430 2789 passivorum·

287 2846 352 2910 que
372 2846 549 2891 concursu.

220 2957 264 3020 20
376 2949 443 3028 Qui
463 2971 545 3014 sane
564 2949 657 3015 modi
676 2948 718 3014 de
733 2948 893 3015 omnibus
909 2956 944 3015 et
960 2950 997 3014 in
1017 2949 1175 3016 omnibus
1194 2951 1426 3036 verificantur,

272 3066 326 3141 'ut
340 3075 516 3142 videbitur
527 3077 565 3140 in
578 3097 679 3161 opere
695 3074 947 3162 applicationis
964 3074 1169 3142 affirmative
1181 3076 1237 3141 vel
1252 3077 1431 3165 negative,

286 3223 348 3287 per
371 3200 650 3283 similitudinem,
680 3200 869 3266 secundum
891 3201 1088 3287 veritatem,
1113 3202 1301 3268 secundum
1324 3202 1430 3269 ratio·

286 3347 366 3391 nem
382 3327 591 3392 eminentem
614 3327 670 3392 vel
693 3326 904 3411 inferiorem,
925 3327 1086 3414 negative
1105 3327 1247 3394 tandem
1266 3329 1322 3394 vel
1341 3328 1432 3396 affir-

287 3452 425 3520 mative.
445 3452 539 3517 Haec
558 3452 687 3518 etenim
706 3453 742 3517 in
760 3474 799 3520 eo
818 3453 856 3518 in
876 3476 942 3539 quo
967 3453 1109 3519 minime
1137 3453 1301 3520 videntur
1330 3478 1431 3542 posse

171 3614 174 3618 ⁴
221 3593 264 3656 25
288 3578 432 3667 reperiri
451 3585 486 3644 et
504 3577 769 3663 accommodari,
790 3580 840 3645 ita
860 3578 1142 3666 exemplificando
1162 3580 1357 3647 tribuimus

377 3704 493 3768 Habet
512 3703 605 3769 Deus
625 3727 729 3791 supra
758 3705 875 3769 omnia
898 3712 1002 3791 atque
1031 3705 1169 3791 singula
1193 3706 1377 3793 imperium
1396 3713 1431 3771 et

289 3827 558 3916 providentiam,
580 3836 619 3894 ut
643 3829 772 3895 incerta
801 3830 940 3915 quidem
970 3837 1004 3895 et
1032 3831 1166 3896 occulta
1197 3854 1330 3915 caussa,
1360 3854 1432 3897 non

382 4115 577 4185 ISubreptivb
585 4119 617 4169 Μ
662 4118 896 4183 8derogatumM
939 4121 971 4172 10
981 4127 1130 4171 extorsum
1141 4122 1195 4187 (era
1211 4136 1226 4172 c
1239 4137 1293 4184 per
1310 4120 1382 4186 ⁸21¹)
1393 4124 1430 4171 A:

289 4198 478 4250 extortumM
521 4200 552 4250 13
562 4200 710 4251 Creditum
720 4200 762 4251 M:
767 4203 847 4265 forae
856 4200 1011 4252 Redditum
1021 4203 1066 4267 (cf.
1072 4219 1103 4266 p.
1116 4203 1173 4263 139,
1186 4204 1211 4264 7)
1260 4203 1434 4254 15.16exac·

288 4280 453 4344 tomitem,
474 4282 672 4345 efflagitatum.
688 4276 745 4343 iffi.
768 4282 962 4348 Imprecctum
978 4284 1017 4333 A:
1036 4289 1168 4334 exectum
1187 4284 1245 4347 (ont.
1270 4285 1341 4334 item
1359 4285 1433 4335 effla-

641 4367 793 4416 Imprecntum

289 4415 436 4479 gitatum).
460 4418 464 4481 Ι
485 4417 586 4467 XXIX
607 4416 796 4485 Impetratum
818 4417 851 4467 M
919 4419 949 4468 18
965 4418 1090 4483 fortuna,
1113 4419 1178 4482 (Dei
1200 4421 1380 4484 voluntatep
1403 4420 1432 4472 M

288 4497 450 4566 &Qua
