3488 5108
291 363 351 439 268
730 379 871 439 loanlnr
892 384 994 440 nrvru

290 549 545 638 templativum,
565 571 657 615 nunc
677 549 715 614 in
733 549 868 633 habitu,
888 569 982 614 nunc
999 548 1038 613 in
1055 555 1134 615 actu
1153 550 1329 637 appellare
1349 570 1434 615 oon-

290 677 420 759 suevi),
453 675 513 762 qui
547 698 582 742 se
613 674 718 741 habet
756 675 845 741 sicut
877 674 996 740 oculus
1030 675 1187 742 internus
1221 675 1266 741 ad
1303 675 1434 763 species

290 801 546 889 intelligibiles,
580 801 671 868 sicut
701 801 819 868 oculus
842 808 1004 867 externus
1028 801 1072 867 ad
1096 801 1277 868 sensibiles
1303 801 1433 890 species

291 927 550 1016 concipiendas;
576 931 579 1018 l
606 929 666 994 VI.
702 928 892 994 subiective
926 952 985 994 seu
1009 924 1237 995 materialiter
1267 936 1350 996 sunt
1377 952 1432 995 res
1455 923 1561 988 4⁷0

247 1052 387 1140 hipsae
417 1077 479 1141 per
514 1053 656 1142 species,
685 1075 772 1139 quae
808 1059 890 1119 sunt
925 1054 962 1118 in
994 1053 1174 1142 superficie
1208 1055 1341 1122 eutium
1375 1078 1436 1120 na-

290 1184 388 1245 turae
419 1202 478 1246 seu
501 1179 714 1246 naturalium
736 1178 1024 1263 substantiarum
1050 1180 1129 1246 VII.
1156 1181 1328 1247 obiective
1352 1186 1457 1247 sunt

291 1304 421 1391 species
449 1328 509 1371 seu
532 1303 678 1389 formae,
708 1327 833 1391 quaca
862 1304 964 1370 rebus
984 1304 1068 1391 ipsis
1093 1311 1257 1371 emanant
1286 1305 1330 1371 ad
1361 1328 1436 1371 sen-

291 1452 380 1514 sum,
412 1429 660 1516 cogitationem
695 1437 730 1495 et
765 1429 936 1495 rationem
953 1426 1127 1514 ¹(quarum
1161 1430 1249 1497 aliae
1285 1431 1433 1518 primae,

291 1556 379 1621 aliae
402 1555 571 1621 secundae
595 1554 807 1620 intentiones
832 1577 892 1620 seu
916 1555 1157 1642 conceptiones
1186 1555 1432 1644 appellantur),

226 1691 269 1754 10
290 1682 388 1749 Vm.
417 1681 731 1749 instrumentaliter
765 1680 877 1769 primo
909 1688 991 1747 sunt
1024 1688 1094 1748 tres
1129 1683 1349 1770 operationes
1384 1683 1436 1748 in·

238 1839 240 1843 ¹
290 1807 449 1873 tellectus
468 1830 530 1894 per
548 1808 707 1874 habitum
725 1807 878 1894 logicum
895 1808 1085 1893 regulatus,
1106 1831 1230 1896 nempe
1243 1809 1433 1895 conceptio,

292 1932 485 2000 verificatio
505 1939 539 1999 et
556 1933 741 2015 discursus;
761 1932 826 1999 IX.
846 1932 1159 1999 instrumentaliter
1177 1935 1333 2020 proxime
1353 1940 1436 2000 sunt

290 2067 360 2124 tres
384 2059 514 2146 species
539 2057 858 2143 demonstrationis,
883 2057 987 2144 signi,
1009 2081 1134 2124 causae
1158 2064 1192 2123 et
1216 2059 1435 2146 simpliciter,

291 2206 437 2271 quarum
454 2182 569 2271 prima
600 2190 652 2248 est
670 2183 855 2270 peculiaris
873 2181 1053 2270 physicae,
1080 2183 1229 2249 secunda
1253 2184 1434 2272 metaphy-

227 2315 267 2379 15
291 2310 390 2396 sicae,
406 2307 510 2374 tertia
527 2307 790 2374 mathematicae
807 2307 931 2395 (prima
946 2308 1134 2395 procedens
1152 2332 1171 2376 a
1185 2310 1296 2375 causis
1312 2332 1436 2397 cogno

291 2434 426 2518 scendi,
458 2433 606 2500 secunda
641 2457 661 2499 a
695 2432 807 2499 causis
837 2432 988 2518 essendi,
1024 2434 1129 2501 tertia
1159 2458 1179 2500 a
1215 2436 1326 2501 causis
1360 2441 1434 2501 tum

291 2559 425 2626 essendi
441 2565 516 2626 tum
535 2559 794 2647 cognoscendi);
815 2559 820 2648 Ι
840 2558 885 2625 Χ.
903 2559 1095 2626 methodica
1115 2567 1167 2625 est
1184 2561 1242 2626 via
1259 2567 1293 2626 et
1313 2560 1434 2627 modus
1459 2566 1567 2629 8213

290 2686 498 2774 procedendi
517 2685 561 2752 ad
578 2685 858 2774 progignendum
877 2686 1037 2753 habitum
1061 2686 1298 2763 scientificum,
1310 2687 1433 2774 ipsius,

291 2819 373 2878 sunt
391 2810 520 2876 etenim
540 2819 633 2878 certa
653 2812 816 2879 scientiae
835 2811 877 2878 de
896 2818 1022 2878 natura
1039 2811 1227 2900 principia,
1247 2835 1289 2878 ex
1309 2811 1433 2899 quibus

225 2943 269 3006 20
292 2944 436 3002 naturae
466 2938 646 3003 scientiam
669 2938 920 3025 persequimur,
940 2944 980 3005 ut
999 2938 1048 3005 sic
1068 2938 1255 3005 secundum
1279 2938 1434 3004 ordinem

291 3064 426 3147 iudicii,
447 3065 624 3132 doetrinae
643 3071 678 3131 et
697 3066 916 3155 disciplinae:

380 3191 498 3258 Primo
519 3191 771 3258 consideremus
789 3190 1001 3259 universalia
1019 3199 1180 3276 naturae,
1202 3214 1325 3278 nempe
1345 3214 1434 3276 qnae

291 3317 329 3383 in
347 3317 510 3385 universo
529 3318 741 3385 naturalium
760 3342 886 3405 genere
910 3319 1188 3406 comperiuntur,
1208 3326 1284 3384 tum
1307 3317 1435 3404 princi-

290 3444 350 3530 pia
369 3448 421 3527 (ut
439 3451 566 3511 natura-
585 3444 674 3532 ipsa,
693 3444 860 3532 privatio,
880 3445 1015 3512 instans
1036 3452 1070 3511 et
1094 3452 1245 3531 tempus,
1266 3443 1435 3509 terminus

225 3581 268 3644 25
292 3579 326 3635 et
345 3571 440 3637 locus
458 3572 514 3637 vel
543 3595 709 3656 vacuum,
740 3572 877 3638 finitum
896 3571 952 3638 vel
982 3572 1191 3657 infinitum),
1215 3577 1291 3637 tum
1316 3593 1435 3636 causas

292 3701 428 3783 (nempe
448 3696 651 3782 efficientes,
672 3718 819 3783 quarum
839 3699 927 3763 aliae
946 3705 1028 3763 sunt
1046 3721 1107 3786 per
1127 3720 1178 3782 se,
1199 3704 1238 3762 nt
1256 3704 1382 3762 natura
1401 3704 1436 3761 ct

291 3828 417 3904 motor,
450 3821 537 3887 aliae
556 3845 618 3910 per
648 3822 818 3906 accidens,
838 3830 878 3888 ut
897 3823 1038 3889 fortuna
1069 3831 1103 3889 et
1123 3829 1249 3906 casus),
1273 3829 1347 3887 tum
1372 3821 1437 3886 elc-

291 3952 421 4029 menta,
443 3969 529 4031 quae
549 3947 586 4011 iu
611 3947 712 4013 rebus
731 3954 858 4013 natura
888 3949 1089 4015 constitut-is
1112 3947 1223 4014 veluti
1251 3954 1366 4034 partes
1385 3947 1436 4012 in-

291 4073 461 4139 trinsecae
480 4080 514 4139 et
537 4074 669 4160 primae
689 4073 921 4161 reperiuntur,
944 4076 1125 4141 materiam
1150 4074 1312 4141 videlicet
1331 4081 1434 4159 atque

225 4196 268 4260 30
292 4196 447 4263 formam.

376 4433 399 4514 '9
415 4463 586 4516 intentionis
600 4479 652 4516 scu
665 4465 864 4530 conceptionis
878 4465 905 4514 E
963 4465 994 4515 25
1011 4470 1048 4524 ot]
1064 4465 1082 4516 l.
1095 4472 1129 4516 ut
