3488 5108
674 406 803 456 causas
824 407 984 455 mimum
1005 409 1212 458 srirvanvu.
1474 398 1515 460 83

367 585 548 652 possumus
573 565 637 631 sub
660 566 795 631 ratione
814 566 957 651 formae,
981 569 1036 635 vel
1061 571 1141 656 quia
1166 571 1237 636 sint
1259 572 1344 637 tales
1362 571 1508 657 formae,

367 688 422 755 vel
438 690 520 775 quia
537 713 615 756 cum
633 691 762 759 talibus
778 693 834 759 vel
854 716 874 759 a
892 694 1036 777 talibus,
1053 696 1109 760 vel
1126 696 1206 782 quia
1227 697 1322 784 ipsae
1338 697 1387 764 sic
1403 697 1510 784 signi·

366 814 470 881 licent
492 838 554 903 per
578 839 613 883 se
635 817 691 883 vel
714 840 776 903 per
798 818 905 902 aliud,
927 829 987 886 aut
1011 821 1092 906 quia
1111 821 1200 887 hanc
1218 829 1279 888 aut
1298 822 1507 889 contrariam

366 941 536 1008 rationem
565 943 766 1029 suscipiant.
790 945 913 1031 Itaque
943 947 984 1012 de
1004 947 1176 1030 omnibus,
1204 947 1350 1014 sirecte
1378 947 1509 1035 sapies,

322 1069 343 1133 5
367 1087 483 1132 omues
511 1066 782 1154 significationes
811 1071 1082 1137 verificabuntur
1112 1071 1166 1138 vel
1197 1072 1234 1138 in
1262 1081 1355 1139 recto
1384 1073 1440 1140 vel
1472 1073 1511 1141 in

367 1190 519 1277 obliquo.

638 1476 712 1549 DE
741 1473 960 1552 STATVA
988 1475 1241 1554 VVLCANI.

455 1737 498 1803 In
517 1737 654 1803 officina
672 1738 820 1804 Vulcani
844 1739 1009 1807 habemus
1027 1739 1257 1828 multiplicem
1280 1740 1412 1807 formae
1430 1763 1509 1808 con·-

366 1869 505 1950 ceptum
524 1870 558 1927 et
577 1863 900 1946 considerationem,
922 1873 956 1930 ot
976 1865 1149 1952 copiosam
1173 1888 1193 1930 a
1216 1865 1354 1932 formali
1373 1866 1508 1931 ratione

301 1989 344 2053 10
366 1986 642 2071 mlveutionem;
667 1989 704 2054 in
724 1997 840 2056 statua
857 2012 939 2057 vero
959 1990 1145 2057 habeamus
1168 1990 1302 2057 formae
1325 1989 1507 2074 iudicium,
1537 1996 1655 2060 134ν

365 2112 625 2181 distinctionem
649 2123 683 2180 et
707 2114 944 2182 definitionem
967 2115 1065 2182 iuxta
1089 2116 1162 2183 eius
1181 2116 1438 2205 propriissimas
1456 2139 1509 2184 ra·

366 2239 487 2306 tiones.

453 2363 480 2429 I.
504 2338 679 2431 Vulcanus
698 2388 780 2454 ergo
800 2367 928 2432 dicitur
950 2367 1094 2433 lunonis
1114 2366 1205 2432 filius
1230 2374 1264 2432 et
1286 2366 1506 2449 inscribitur,

364 2490 408 2556 ad
427 2490 689 2578 significandam
717 2493 957 2560 excellentiam
983 2493 1076 2560 illius
1105 2501 1140 2558 et
1169 2492 1378 2580 dignitatem
1402 2517 1507 2582 supra

300 2621 342 2684 15
367 2618 555 2701 materiam,
576 2626 610 2683 et
628 2641 738 2706 genus
759 2642 779 2684 a
797 2620 883 2685 luce.

453 2742 497 2807 II.
522 2744 565 2808 In
584 2745 731 2810 instanti
752 2743 819 2810 fuit
839 2745 1054 2831 progenitus,
1080 2743 1123 2810 ad
1147 2745 1414 2831 significandum
1440 2744 1508 2810 for·

363 2889 456 2934 mam
475 2868 739 2935 substantialem
758 2869 832 2935 sine
852 2877 1006 2957 tempora
1024 2870 1062 2934 in
1081 2870 1261 2935 materiam
1280 2869 1464 2936 introduci.

452 2997 515 3062 HI.
541 2996 622 3062 Sine
642 3003 740 3084 patre
756 2996 884 3062 dicitur
902 3004 1019 3080 natus,
1041 2997 1084 3062 ad
1103 2996 1370 3083 significandum
1395 2999 1506 3085 ipsam

364 3123 463 3188 educi
483 3123 523 3187 de
542 3124 700 3209 potentia
720 3123 898 3204 materiae,
918 3123 1121 3208 praesertim
1140 3122 1252 3188 forma
1274 3146 1362 3210 quae
1380 3148 1398 3189 e
1417 3148 1509 3190 ccm-

295 3260 341 3326 20
365 3251 531 3315 mixtione
550 3250 636 3315 lucis
656 3259 691 3316 et
710 3250 930 3315 tenebrarum
954 3249 1116 3332 resultat;
1136 3249 1196 3315 lux
1214 3251 1322 3331 enirn,
1348 3273 1435 3337 quim
1455 3259 1507 3315 est

366 3379 481 3444 anima
501 3379 573 3443 sive
592 3377 797 3443 universalis
826 3376 899 3442 sive
918 3376 1151 3463 particularia,
1183 3386 1235 3442 est
1265 3401 1285 3442 a·
1304 3387 1403 3464 patre
1432 3376 1507 3442 sine

365 3512 484 3570 matre.

453 3634 510 3698 IV.
535 3634 673 3699 Dicitur
697 3633 916 3720 turpissimus
937 3632 1088 3698 Deorum
1112 3638 1229 3714 natus,
1263 3632 1343 3718 quia
1374 3631 1507 3699 formae

363 3760 568 3847 superiores,
589 3781 676 3845 quae
695 3758 824 3823 habent
840 3758 1024 3845 appulsum
1041 3765 1075 3821 ot
1093 3758 1354 3823 inclinationem
1374 3758 1419 3824 ad
1438 3781 1504 3824 ma·

296 3891 339 3954 25
364 3887 487 3951 teriam
504 3908 563 3949 sou
584 3891 720 3949 noctem
737 3892 771 3948 et
792 3884 963 3965 umbram,
978 3905 1064 3969 quae
1084 3883 1196 3969 turpis
1213 3891 1265 3948 est
1280 3883 1323 3949 ab
1341 3882 1429 3949 Orco
1445 3906 1504 3969 ge·

362 4034 427 4076 nus
454 4011 593 4095 ducens,
615 4008 832 4096 turpitudine
856 4031 895 4073 eo
915 4007 1063 4095 appulsu
1084 4008 1227 4074 affectae
1251 4008 1505 4095 intelligantur.

368 4208 688 4216 ————-——-————.·
715 4209 721 4213 .
730 4209 817 4214 -.-—-
833 4208 1018 4215 ..η-...η-
1027 4210 1042 4214 ..
1054 4209 1502 4216 -.-.—-—..—.————--——-—

455 4326 469 4374 7
486 4335 797 4385 incommunicatura
811 4341 931 4375 raoruua
946 4341 1178 4377 oisriacrmnmus
1193 4342 1224 4376 ar
1237 4327 1511 4387 narruiricnmus>M

362 4406 562 4457 camini!
621 4408 654 4456 ⁴24
670 4405 825 4473 impulsum
844 4405 875 4454 M
935 4406 966 4455 aa
981 4406 1186 4470 intelliguntur
1202 4407 1405 4472 d150aarcbtc
1419 4410 1509 4472 prasc-

363 4485 442 4537 rioilo
455 4488 484 4538 al
498 4506 519 4538 υ,
534 4490 569 4536 23
583 4494 617 4538 ut
624 4503 677 4551 per
689 4486 781 4552 quia?
