3488 5108
555 414 646 459 meru
668 413 881 459 Pnrsioonvu
903 415 1114 460 naisrorsms
1134 414 1333 462 exerturam.
1456 404 1513 460 281

372 570 665 659 magnitudinem,
679 569 824 656 ideoque
844 593 882 636 eo
897 577 999 658 pacto
1015 571 1190 637 immobile
1209 570 1395 657 quoddam,
1418 572 1516 658 quid-

371 721 452 763 nam
471 696 669 784 prohiberet
691 695 876 780 quominus
895 703 1011 785 partes
1035 698 1071 763 in
1091 699 1165 785 ipso
1182 708 1399 782 moveantur,
1425 701 1515 766 sieut

371 829 457 911 puta
492 821 663 886 immobili
697 821 868 885 existente
903 823 990 887 mari
1025 830 1141 909 partes
1174 823 1211 889 in
1245 824 1319 912 ipso
1349 825 1514 891 continuo

369 949 572 1015 moventur?
597 949 773 1014 Continuo
793 948 878 1013 item
904 956 1019 1037 partes
1039 950 1142 1030 aeris,
1167 950 1310 1039 sphaera
1330 943 1423 1017 aeris¹
1438 975 1514 1039 per·

324 1077 472 1161 bpetuo
504 1074 597 1138 int-ra
630 1073 766 1139 eosdem
800 1074 929 1139 limites
964 1074 1186 1141 collocantur.
1211 1076 1341 1154 Quarto
1376 1077 1512 1144 sublato

368 1199 472 1264 etiarn
488 1206 585 1264 motu
600 1198 703 1264 locali
720 1206 793 1264 tum
811 1223 830 1264 a
848 1206 920 1264 toto
937 1206 1012 1264 turn
1029 1200 1230 1287 apartibus,
1248 1202 1307 1287 qui
1324 1201 1364 1266 fit
1383 1209 1423 1267 ut
1439 1225 1512 1268 esse

369 1330 519 1408 nequeat
539 1323 757 1390 alterationis
788 1324 924 1389 motus?
946 1324 1074 1402 Quinto
1100 1348 1211 1411 neque
1239 1326 1276 1391 in
1301 1327 1396 1393 omni
1414 1334 1512 1394 motu

370 1448 497 1514 habere
515 1449 728 1536 principium
742 1456 777 1514 et
792 1449 896 1514 finem
908 1449 1136 1533 verificatum,
1151 1457 1189 1516 ut
1209 1451 1343 1536 cogaris
1364 1475 1514 1518 asserere

367 1598 408 1640 ex
426 1597 466 1640 eo
487 1574 579 1659 quod
598 1574 732 1660 aliquid
751 1574 856 1640 habet
871 1574 1083 1662 principium
1094 1584 1128 1640 et
1146 1576 1264 1658 finem,
1283 1599 1354 1642 esse
1374 1577 1512 1662 mobile,

303 1710 344 1771 lO
367 1706 401 1766 et
421 1722 558 1766 rursum
571 1723 612 1765 ex
626 1723 667 1766 eo
688 1700 780 1784 quod
799 1723 911 1787 neque
927 1701 1138 1788 principium
1151 1701 1256 1767 habet
1268 1725 1379 1788 neque
1398 1702 1511 1788 finem,

366 1848 437 1890 esse
462 1826 651 1908 immobile,
684 1824 963 1910 ‹prundoquidem
987 1827 1225 1913 cognoscimus
1253 1827 1512 1895 instantaneam

364 1953 609 2036 mutationem,
643 1974 767 2037 nempe
800 1951 1060 2037 generationem
1095 1961 1129 2017 et
1164 1953 1437 2040 corruptionem,
1472 1954 1509 2020 in

365 2075 490 2161 quibus
507 2098 576 2141 non
596 2083 648 2141 est
668 2076 822 2162 accipere
852 2076 1084 2164 principilum
1104 2084 1138 2142 et
1157 2077 1275 2159 finem,
1305 2084 1387 2143 sunt
1416 2078 1508 2144 enim
1534 2085 1672 2151 17⁹3

364 2201 480 2289 potius
504 2201 643 2266 termini
664 2207 776 2267 motus
796 2207 930 2288 (utpote
946 2201 1188 2284 alterationis),
1215 2212 1417 2269 nouantem
1440 2226 1509 2269 mo-

300 2342 340 2404 15
363 2335 433 2408 tus,
454 2326 643 2391 certissime
663 2332 697 2390 et
716 2325 865 2391 maxime
885 2327 1104 2393 mutationes.
1123 2326 1227 2392 Sexto
1249 2328 1330 2412 quia
1353 2327 1510 2416 impossi-

364 2451 432 2515 bile
457 2461 508 2516 ost
533 2451 650 2534 (etiam
679 2451 815 2516 sublata
846 2452 1083 2538 generatione,
1106 2457 1110 2538 Ι
1131 2452 1366 2539 corruptione,
1388 2455 1510 2522 altera·
1536 2456 1615 2521 10r
1630 2458 1668 2524 0

364 2577 472 2660 tione,
505 2574 687 2641 duratione
716 2599 775 2641 seu
794 2582 960 2664 tempore)
990 2576 1136 2659 efficere,
1160 2584 1200 2642 ut
1219 2601 1273 2662 ea,
1303 2590 1507 2664 quaesunt,

362 2702 474 2789 specie
494 2724 600 2767 unum
621 2702 704 2784 sint,
736 2708 979 2789 praeterquam
999 2702 1027 2766 si
1056 2701 1180 2788 aliquis
1199 2703 1264 2768 hoo
1294 2726 1402 2770 unum
1423 2706 1509 2771 acci·

361 2828 436 2915 piat
455 2834 619 2912 tanquam
651 2828 833 2893 materiam
862 2851 966 2892 unum
998 2850 1039 2892 ex
1067 2850 1136 2914 qua
1155 2829 1271 2894 omnia
1300 2837 1397 2913 sunt,
1417 2830 1507 2896 sicut

296 2968 339 3029 20
362 2954 421 3039 qni
441 2953 562 3018 dicunt
581 2953 696 3019 onmia
716 2976 787 3018 esse
807 2976 934 3038 aquam
954 2976 1067 3019 unam.

452 3079 562 3163 Atqui
583 3077 693 3143 adhuc
713 3078 750 3141 in
770 3077 869 3143 vultu
889 3085 923 3143 et
947 3080 1026 3144 sinu
1045 3085 1190 3144 naturae
1210 3079 1400 3145 necessario
1421 3079 1504 3145 mul·

363 3202 477 3268 titudo
498 3202 658 3283 infertur,
680 3202 958 3290 quandoquidem
975 3204 1061 3269 illud
1082 3204 1172 3289 quod
1192 3212 1244 3270 est
1263 3205 1306 3268 ab
1320 3226 1359 3269 eo
1376 3228 1418 3269 ex
1438 3227 1504 3289 «qne

361 3336 411 3393 est
431 3327 668 3414 distinguatur
691 3338 840 3414 oportet,
870 3339 905 3394 et
933 3352 1161 3415 eorumquae
1189 3337 1271 3395 sunt
1297 3331 1440 3396 alteriue
1460 3330 1503 3396 ab

361 3454 470 3519 altero
491 3452 670 3518 distinctio
690 3461 754 3538 est,
774 3462 813 3518 ut
832 3453 981 3519 hominis
1001 3455 1044 3520 ab
1064 3479 1160 3541 equo.
1181 3457 1269 3521 ltenr
1290 3454 1503 3521 contrarium

294 3590 468 3653 ‘25111111111
503 3601 572 3644 non
601 3587 651 3643 est
677 3581 824 3645 alterum
858 3581 1141 3665 oo1rtrarium,ut
1176 3581 1326 3647 calidum
1361 3603 1431 3647 non
1451 3589 1503 3645 est

360 3702 536 3788 frigidum.

451 4020 633 4087 lqnoddarn}
657 4023 799 4086 quodnam
821 4023 860 4072 15:
884 4039 898 4071 o
921 4038 987 4071 aare
1006 4023 1044 4072 aa
1064 4024 1214 4074 craticellara
1235 4041 1303 4073 cenae
1320 4022 1501 4089 ‘littaei-adar

358 4100 374 4147 3
390 4106 468 4164 puta]
487 4106 566 4165 putot
585 4101 609 4151 E
671 4103 687 4151 5
696 4103 776 4164 sorae
794 4104 901 4152 limites
914 4104 1076 4168 celloeutta,
1096 4115 1262 4162 movomtnr
1326 4105 1500 4155 laltoratio·

361 4180 715 4232 nis.5taele:a1teriusn'
778 4184 883 4251 motus]
902 4183 1002 4234 modus
1025 4184 1051 4233 E
1118 4187 1148 4235 14
1165 4185 1346 4237 alterationis
1367 4183 1405 4234 15:
1432 4184 1501 4234 olto·

362 4260 423 4311 rius
438 4266 459 4312 ζ’
527 4264 555 4312 15
572 4263 750 4314 certissimae
763 4278 830 4314 vare
845 4272 874 4314 ct
889 4263 1027 4314 maximae
1044 4265 1066 4315 U

491 4581 564 4620 llum
582 4585 635 4629 opp.
652 4583 693 4618 lar.
709 4582 749 4619 111.
