3488 5108
287 358 328 415 30
728 372 869 418 1011111111
888 372 992 418 nevar

288 526 455 612 aliquem,
478 528 538 593 sed
561 534 744 615 propterea
768 528 850 614 quia
872 528 1005 594 nullam
1027 526 1133 594 habet
1156 528 1347 594 formarum
1365 525 1432 593 dif-

289 651 492 736 ferentiamj
515 659 550 717 et
579 652 656 718 ideo
682 652 810 718 dicitur
832 676 901 719 una
927 653 1112 741 privative,
1138 655 1220 739 quia
1242 652 1431 719 seeundum

290 799 326 841 se
344 778 475 842 nullam
493 777 599 843 habet
616 777 797 843 formalem
816 777 1001 864 unitatem,
1018 800 1089 844 non
1105 785 1220 844 autem
1239 776 1432 843 formaliter

289 911 324 968 et
348 902 585 986 terminative3
613 901 741 968 dicitur
774 902 916 989 inquam
940 926 1010 968 una
1041 925 1104 990 per
1132 902 1384 969 absolutionem
1412 923 1432 965 a

246 1024 267 1088 5
290 1050 447 1113 numer0,
467 1049 538 1093 non
557 1050 618 1115 per
638 1029 909 1094 contractionem
928 1028 972 1094 ab
991 1027 1136 1094 unitate.

379 1153 514 1218 XXIV.
535 1152 649 1239 Ipsius
674 1151 772 1218 nulla
797 1161 850 1218 est
869 1161 1006 1236 natura,
1027 1175 1140 1239 neque
1166 1152 1241 1239 ipsa
1268 1158 1429 1218 naturam

289 1277 416 1344 habere
431 1277 573 1360 dicitur,
593 1276 652 1342 sed
670 1278 745 1364 ipsa
764 1284 816 1343 est
836 1285 961 1345 natura
978 1302 1038 1344 seu
1054 1285 1201 1344 naturae
1217 1277 1362 1364 species,
1382 1276 1435 1342 in-

291 1403 456 1469 distincta
480 1402 524 1467 ab
548 1401 616 1467 alia
640 1403 753 1488 specie
777 1425 837 1469 seu
861 1403 904 1469 ab
929 1404 997 1470 alia
1019 1414 1158 1488 natura,
1184 1425 1271 1489 quae
1290 1407 1342 1467 est
1360 1400 1433 1486 lux,

291 1550 473 1614 equorum
493 1527 587 1593 coitu
605 1527 778 1592 naturalia
797 1535 1018 1614 generantur.

229 1658 270 1720 10
380 1653 496 1718 XXV.
515 1652 663 1718 Materia
682 1674 760 1717 cum
779 1663 960 1720 concurrat
979 1677 1057 1720 cum
1076 1653 1167 1738 luce,
1187 1661 1343 1719 mutuam
1362 1674 1433 1719 non

292 1776 446 1842 efficiunt
469 1776 731 1863 perfectionem,
752 1776 810 1842 sed
833 1801 875 1842 ex
899 1779 983 1864 ipsis
1002 1778 1135 1864 aliquid
1153 1777 1344 1866 perficitur,
1364 1799 1437 1843 mu-

293 1910 388 1969 tuam
412 1924 484 1967 non
506 1901 641 1967 iaciunt
661 1901 889 1969 mutationem
908 1909 1117 1990 (perseverat
1136 1903 1285 1969 enimin
1308 1925 1370 1968 sua
1389 1924 1438 1967 es·

294 2027 404 2093 sentia
416 2028 476 2092 lux
489 2034 524 2092 et
542 2033 738 2114 perseverat
755 2028 791 2093 in
807 2050 868 2093 sua
887 2029 1035 2094 essentia
1046 2029 1123 2095 Nox
1139 2027 1432 2111 immutabiliter),

295 2153 352 2218 sed
366 2151 456 2238 quod
473 2160 525 2217 est
540 2175 581 2217 ex
596 2153 693 2239 ipsis,
710 2151 1067 2220 inconstantissimum
1083 2162 1134 2219 est
1153 2160 1188 2219 et
1209 2152 1452 2223 mutabilissin

228 2282 271 2346 15
295 2300 399 2343 mum.
423 2277 524 2344 Unde
548 2277 638 2342 sicut
665 2298 736 2342 non
765 2285 817 2343 est
839 2278 1003 2365 possibile
1031 2279 1084 2344 bis
1114 2277 1260 2344 eundem
1289 2277 1434 2344 fluvium

293 2401 447 2483 introire,
464 2401 583 2484 imme,
601 2407 641 2467 ut
657 2402 766 2484 aiunt,
785 2425 896 2487 neque
913 2404 1030 2487 semel,
1050 2405 1099 2468 ita
1119 2411 1253 2469 nonest
1270 2402 1435 2489 possibile

294 2526 386 2592 idem
415 2527 643 2614 compositum
674 2528 728 2593 bis
762 2529 951 2613 nominare,
980 2532 1085 2596 immo
1120 2529 1202 2596 dum
1235 2529 1436 2596 nominatur

294 2654 409 2740 ipsum
425 2654 495 2718 iam
514 2661 565 2718 est
589 2652 695 2733 aliud;
719 2653 860 2719 interim
884 2661 1000 2721 tamen
1023 2656 1132 2722 Nocte
1151 2679 1211 2722 seu
1229 2655 1382 2721 tenebris
1401 2663 1437 2719 et

295 2780 370 2845 luce
393 2779 481 2844 nihil
505 2787 557 2843 est
580 2778 831 2845 invariabilius.

229 2914 273 2976 ⁸20
385 2904 518 2969 XXVI.
544 2905 585 2969 ln
608 2903 672 2968 hoo
700 2925 867 2969 concursu
886 2915 999 2971 motus
1022 2913 1057 2970 et
1079 2905 1274 2993 penetratio
1294 2912 1436 2970 nonest

297 3031 457 3117 proprius
477 3028 710 3111 tenebrarum,
736 3029 862 3114 quibus
887 3053 997 3117 neque
1017 3031 1170 3117 cognitio
1190 3053 1301 3116 neque
1321 3035 1436 3094 motus

295 3157 386 3222 ullus
410 3154 594 3221 convenire
618 3163 750 3241 potest,
773 3155 832 3221 sed
854 3155 914 3221 lux
933 3164 985 3222 est
1004 3179 1091 3241 quae
1111 3157 1155 3222 ad
1170 3157 1260 3222 hanc
1279 3156 1438 3222 immobi-

295 3281 408 3346 leniet
426 3281 567 3346 omnino
586 3279 722 3345 brutam
744 3280 888 3364 accedit,
909 3290 944 3347 et
962 3281 1091 3346 recedit
1111 3281 1330 3364 immutilata,
1351 3281 1437 3345 inal-

296 3416 417 3472 lerata.

228 3535 273 3600 21)
385 3530 538 3595 XXVII.
561 3530 699 3595 Accidit
723 3530 860 3617 quidem
878 3530 990 3596 lucem
1009 3531 1154 3597 fortasse
1173 3553 1192 3596 a
1212 3531 1366 3598 tenebris
1386 3554 1437 3597 sc·

295 3655 425 3744 parari,
451 3654 479 3720 si
503 3655 668 3742 possibile
687 3663 737 3721 est
761 3656 882 3721 horum
907 3658 1053 3722 alterum
1070 3657 1114 3722 ab
1138 3656 1247 3722 altero
1266 3657 1435 3743 separari,

296 3781 455 3846 umbram
474 3803 556 3846 vero
575 3803 634 3847 seu
653 3781 798 3846 Noctem
814 3804 834 3846 a
854 3782 1008 3847 tenebris
1027 3790 1221 3869 separatam
1241 3782 1436 3868 intelligere

296 3906 392 3972 nulla
415 3907 504 3972 ratio
528 3907 675 3994 patitur,
700 3909 730 3973 si
755 3908 845 3992 quod
869 3908 961 3973 enim
978 3907 1201 3995 privilegium
1221 3917 1256 3973 et
1277 3908 1437 3973 maiestas

388 4182 538 4234 ransom
584 4185 648 4234 4111
668 4185 911 4250 quamdzautem
923 4185 954 4234 11
999 4185 1254 4251 dipsadlzipsam
1271 4187 1295 4235 A
1343 4186 1438 4250 Sepe-

298 4264 341 4315 cie
358 4270 504 4321 (naturae)
522 4263 554 4312 Μ
614 4266 645 4314 18
667 4272 763 4315 tamen
788 4266 907 4315 materia
932 4272 1016 4315 noote
1041 4268 1076 4314 Al
1139 4268 1218 4317 2021
1244 4273 1339 4316 motus
1366 4270 1439 4325 (tutte

298 4345 371 4394 educ
385 4344 408 4394 le
419 4345 517 4393 rollelc
530 4346 662 4411 proprius
675 4344 718 4394 M:
734 4347 834 4397 modus
846 4364 858 4395 c
872 4347 989 4412 propius
999 4347 1023 4395 A
1086 4349 1118 4396 23
1134 4348 1322 4410 (immutata)
1338 4347 1438 4397 immn-

299 4426 381 4476 tilata
392 4424 424 4475 Μ
