3488 5108
716 384 856 432 leucam
877 387 979 433 navul

689 624 744 677 Gap.
760 625 802 667 3¹¹¹.
819 626 854 666 Dc
869 626 915 667 alle
930 625 1003 666 modo.

364 829 409 875 (ι.
431 807 552 873 Potest
584 808 688 873 etiam
717 807 869 873 medicus
894 806 1007 873 facere
1034 808 1262 875 electuarium
1287 807 1335 872 de
1364 828 1445 872 una

275 931 398 1017 planta
417 932 528 998 calida
544 933 582 998 in
600 932 724 1019 qua'rto
742 933 854 1020 gradu
873 940 907 998 et
926 932 968 998 de
984 933 1053 999 alia
1072 934 1213 1000 humida
1228 934 1267 999 in
1285 939 1444 1019 quart03

277 1063 311 1121 et
334 1057 415 1143 quia
438 1057 468 1121 B
492 1057 604 1124 vineit
627 1059 672 1142 A,
694 1059 732 1124 in
755 1059 815 1125 illo
840 1058 1025 1126 electuario
1052 1059 1082 1123 B
1102 1060 1168 1126 erit
1190 1059 1379 1142 dominus,
1405 1059 1443 1123 A

232 1175 252 1237 5
276 1205 356 1247 vero
376 1183 548 1266 subditus;
562 1191 679 1249 tamen
692 1185 758 1249 erit
770 1184 964 1250 dominium
976 1191 1206 1272 temperatum
1222 1196 1256 1250 et
1273 1184 1441 1251 servitus

276 1313 476 1394 temperata.
498 1310 542 1373 Bt
569 1309 656 1374 illud
679 1309 904 1376 electuarium
931 1310 997 1375 erit
1027 1311 1157 1377 bonum
1180 1311 1216 1376 in
1238 1311 1344 1376 domo
1364 1308 1439 1373 AB

276 1434 409 1499 ratione
441 1435 706 1501 concordantiae
725 1435 817 1500 iuter
837 1435 986 1501 calidum
1017 1444 1050 1500 et
1074 1436 1269 1519 humidum,
1303 1434 1439 1500 eterit

277 1582 357 1624 cura
388 1567 509 1626 contra
529 1560 555 1625 (l
574 1562 621 1645 D,
652 1584 738 1646 quae
770 1571 914 1627 causant
942 1562 1181 1627 infirmitatem
1209 1559 1436 1657 propter—ni-

276 1686 381 1751 miam
401 1686 650 1753 abundantiam
672 1710 776 1773 quam
793 1687 923 1753 habent
942 1688 979 1754 in
999 1687 1100 1754 domo
1119 1688 1191 1754 AB.

215 1822 253 1883 10
366 1835 423 1880 au.
449 1811 486 1877 Si
509 1814 547 1878 in
571 1813 672 1879 domo
692 1813 733 1878 de
758 1815 821 1879 AB
839 1815 974 1902 patitur
993 1815 1025 1880 A
1044 1817 1226 1903 plusquam
1246 1813 1290 1899 B,
1318 1813 1432 1879 debet

276 1937 428 2004 medicus
440 1937 552 2004 facere
565 1940 787 2006 electuarium
805 1941 847 2005 de
863 1963 933 2007 una
944 1942 1066 2028 planta
1082 1940 1223 2006 humida
1239 1939 1277 2004 in
1294 1947 1430 2024 quarto

274 2063 385 2149 gradu
401 2071 435 2128 et
451 2064 493 2129 de
508 2066 576 2130 alia
593 2088 680 2151 quae
696 2066 742 2131 sit
759 2067 870 2132 calida
886 2066 923 2132 in
936 2067 1051 2150 tertie,
1072 2075 1112 2132 ut
1130 2071 1273 2151 quartus
1289 2064 1429 2152 grandus

274 2189 441 2275 reprimat
459 2191 612 2257 tertium.

364 2339 432 2385 rm.
453 2315 581 2382 Contra
605 2315 679 2381 AO
703 2317 805 2382 debet
828 2316 981 2383 medicus
999 2316 1112 2383 facere
1132 2315 1358 2382 electuarium
1378 2315 1426 2380 de

210 2446 252 2509 15
276 2463 345 2505 una
361 2442 482 2527 planta
500 2441 642 2506 humida
661 2441 699 2506 in
718 2447 840 2526 quarto
860 2449 894 2507 et
913 2442 954 2507 de
971 2442 1039 2507 alia
1056 2441 1167 2507 calida
1188 2445 1192 2526 Ι
1214 2439 1423 2506 insecundo
1451 2442 1579 2505 1'79'

276 2571 310 2630 et
326 2566 416 2631 sicca
428 2567 466 2631 in
478 2566 603 2653 prime,
617 2574 651 2632 et
663 2566 727 2633 hoc
739 2573 860 2633 contra
873 2567 1011 2633 domum
1024 2567 1095 2632 BF.
1113 2567 1159 2631 Et
1172 2567 1202 2632 ei
1215 2565 1259 2630 ad
1271 2564 1335 2629 hoc
1347 2586 1424 2629 non

275 2693 418 2776 sufficit,
437 2694 575 2780 siguum
595 2701 647 2760 est
667 2695 759 2780 quod
777 2695 806 2760 B
825 2701 877 2760 eet
895 2694 999 2760 nimis
1018 2694 1131 2776 fortia,
1150 2701 1185 2759 et
1205 2700 1288 2758 tunc
1312 2690 1424 2756 medi·

276 2842 334 2884 cus
354 2818 455 2883 (lebet
486 2819 598 2884 facere
629 2820 853 2885 electuarium
886 2820 927 2884 de
955 2842 1024 2885 una
1056 2820 1177 2906 planta
1209 2816 1349 2884 humida
1381 2816 1422 2880 in

276 2954 398 3028 quamo
428 2953 462 3009 et
494 2946 535 3010 de
554 2947 622 3011 alia
642 2946 752 3011 calida
772 2947 939 3032 inprime
963 2945 1108 3030 gradata
1134 2968 1194 3031 per
1213 2943 1422 3026 siccitatem,

209 3080 252 3142 ‘20
276 3078 310 3135 et
329 3070 411 3137 dare
434 3072 584 3158 patienti
610 3084 729 3137 contra
750 3072 888 3137 domum
908 3072 978 3136 BF.
999 3072 1046 3135 Et
1065 3071 1094 3135 ai
1114 3070 1225 3136 adhuc
1244 3077 1424 3134 remaneat

275 3197 473 3282 infirmitate,
494 3205 528 3263 ct
549 3199 578 3262 B
597 3220 667 3262 non
698 3206 750 3262 eet
771 3197 995 3262 domesticum
1028 3220 1105 3260 cum
1126 3195 1294 3274 amicitia,
1315 3216 1422 3277 (luam

275 3320 380 3387 habet
401 3346 477 3387 cum
498 3325 543 3405 A,
564 3346 626 3410 por
646 3323 874 3405 caliditatem,
895 3323 996 3387 debet
1016 3320 1168 3386 medicus
1197 3320 1339 3383 miscere
1359 3317 1424 3381 illa

277 3456 440 3533 quattuor
460 3450 644 3514 electuaria
673 3456 707 3513 ct
727 3450 807 3513 dare
826 3448 987 3534 patienti,
1009 3456 1043 3511 et
1061 3454 1145 3511 tuuc
1169 3446 1235 3510 erit
1258 3443 1423 3509 domesti-

276 3596 335 3638 cus
354 3574 383 3637 Β
403 3597 464 3659 per
483 3575 674 3639 siccitatem
694 3583 728 3638 et
748 3575 814 3639 erit
834 3572 1077 3638 concordantia
1098 3573 1189 3636 inter
1208 3571 1288 3634 Bet
1308 3570 1339 3632 A
1359 3592 1424 3654 per

209 3714 251 3777 25
277 3700 491 3764 caliditatem
512 3707 631 3764 contra
651 3701 788 3765 domum
809 3700 879 3763 BF.
901 3700 946 3763 Et
966 3698 994 3763 si
1011 3697 1124 3762 adhuc
1143 3719 1213 3760 uon
1238 3696 1344 3776 valet,
1366 3695 1425 3759 de-

277 3828 336 3891 bet
352 3827 504 3891 medicus
520 3826 634 3890 facere
650 3849 758 3890 unum
770 3825 994 3890 electuarium
1008 3823 1048 3888 de
1061 3845 1129 3888 uua
1144 3823 1265 3909 planta
1277 3819 1424 3884 humida

277 3953 314 4016 in
335 3962 455 4036 quarto
476 3959 510 4015 et
530 3952 598 4016 alia
618 3951 746 4036 frigida
769 3952 803 4014 iu
829 3959 970 4034 quamn,
996 3947 1259 4033 multiplicando
1279 3947 1422 4011 domum

279 4077 321 4141 de
340 4077 400 4140 AO
420 4084 541 4142 contra
560 4076 700 4141 domum
720 4076 762 4141 de
782 4076 855 4159 BF,
877 4099 964 4160 quae
984 4081 1035 4139 est
1059 4073 1095 4138 in
1115 4073 1188 4137 eius
1212 4077 1366 4159 aspectu,
1387 4077 1426 4135 et

199 4430 205 4444 ‚
371 4381 738 4447 tieozzainrerpumionen'
799 4382 885 4430 oeli
903 4379 1145 4430 ellectuariumX
1206 4379 1238 4428 25
1255 4377 1369 4427 domum
1387 4378 1425 4431 de

277 4466 377 4515 BFX¹
442 4463 663 4523 28AOJAaX¹
