3488 5108
599 409 728 454 tauris
750 409 906 454 rmoiura
929 407 1135 453 sciurram.
1381 392 1436 450 125

383 564 515 630 XVIII.
542 566 629 643 Quia
655 566 800 631 alterum
828 563 1093 646 contrariorum,
1124 563 1269 628 alterum
1302 569 1435 627 contra·

294 689 518 757 dictoriorum
535 713 604 756 non
623 699 675 756 est
691 690 919 756 necessarium
937 698 976 756 ut
989 689 1041 773 sit,
1054 689 1107 754 vel
1126 687 1339 774 impossibile
1356 710 1435 752 cum

295 815 438 880 nonsit.

382 939 485 1005 XIX.
506 940 595 1018 Quia
616 942 643 1007 si
670 942 838 1008 terminus
853 948 966 1007 motus
984 940 1092 1028 ipsius
1111 946 1163 1004 est
1182 938 1345 1023 difficilis,
1367 961 1438 1004 non

251 1077 271 1141 5
295 1071 412 1130 tamen
431 1071 484 1130 est
502 1065 763 1153 insuperabilis;
786 1067 868 1131 item
889 1065 1046 1151 quamvis
1065 1063 1150 1129 haec
1167 1063 1324 1150 potentia
1348 1062 1436 1128 diffi-

295 1191 405 1256 culter
423 1192 585 1279 respiciat
609 1192 760 1277 aliquem
784 1202 913 1275 actum,
939 1191 994 1257 vel
1018 1191 1210 1257 subiectum
1231 1189 1438 1278 respiciatur

295 1315 338 1379 ab
358 1316 475 1402 aliqua
491 1317 730 1405 dispositione,
751 1316 825 1381 fieri
844 1323 961 1382 tamen
980 1323 1094 1403 potest
1113 1322 1153 1382 ut
1177 1324 1387 1402 assequatur.

386 1442 469 1508 XX.
496 1443 584 1520 Quia
603 1444 763 1509 voluntas
780 1443 835 1507 vel
852 1441 1033 1508 rationalis
1050 1442 1104 1507 vel
1121 1440 1367 1507 intellectualis
1382 1441 1438 1505 vel

296 1568 465 1633 naturalis
484 1589 554 1633 non
573 1567 675 1634 debet
695 1567 868 1652 frustrari,
889 1568 977 1633 hanc
1001 1574 1117 1632 tamen
1142 1567 1178 1631 in
1203 1566 1357 1632 subiecto
1382 1590 1438 1632 ve·

234 1707 273 1770 [0
295 1693 428 1758 rificare
447 1715 627 1780 possumus
645 1692 701 1758 vel
720 1693 890 1779 potentia,
911 1693 1023 1758 active
1042 1691 1204 1756 videlicet
1225 1693 1305 1777 quia
1325 1694 1438 1779 ipsum

293 1818 378 1882 velit
409 1820 550 1900 mutari,
580 1819 716 1906 passive
746 1818 827 1904 quia
855 1817 951 1883 aliud
980 1819 1094 1905 ipsum
1128 1824 1263 1883 mutare
1296 1824 1439 1905 appetat

295 1965 364 2008 non
384 1941 582 2008 inordinato
602 1945 771 2031 appetitu.

382 2067 484 2133 XXI.
510 2067 599 2145 Quia
619 2069 731 2134 exitus
750 2076 802 2133 est
821 2067 930 2155 ipsius
949 2067 1003 2132 vel
1024 2067 1067 2133 ab
1087 2067 1162 2155 ipso
1182 2067 1225 2134 ad
1245 2067 1349 2133 aliud.

383 2193 503 2258 XXII.
529 2193 618 2271 Quia
634 2193 691 2258 via
710 2193 756 2258 sit
776 2194 828 2259 illi
848 2193 890 2258 ad
912 2193 1043 2279 aliquid
1062 2192 1169 2259 aliud.

231 2330 271 2394 15
383 2317 522 2383 XXIII.
554 2319 643 2395 Quia
673 2318 806 2384 aditum
832 2318 958 2384 habeat
986 2318 1030 2384 ad
1054 2319 1205 2404 aliquem,
1234 2319 1436 2404 terminum,

297 2441 370 2508 sive
389 2441 592 2527 ingressum.

385 2567 518 2632 XXIV.
544 2568 633 2645 Quia
663 2567 794 2654 aliquid
825 2569 940 2655 ipsum
964 2568 1119 2656 excipere
1143 2568 1198 2633 vel
1222 2591 1355 2656 capere,
1381 2569 1436 2634 vel

294 2692 368 2779 ipse
389 2693 484 2758 aliud
503 2694 658 2781 excipere
677 2695 785 2780 possit
805 2701 865 2759 aut
885 2693 1021 2758 habeat.

384 2819 501 2884 XXV.
526 2819 614 2895 Quia
635 2819 895 2907 impedImenta,
916 2841 1003 2904 quae
1027 2818 1133 2883 talem
1156 2818 1350 2905 potentiam
1374 2818 1441 2883 tol-

229 2956 273 3019 20
297 2943 366 3009 lere
386 2944 442 3009 vel
461 2944 622 3010 frustrari
641 2951 801 3030 possunt,
820 2943 1032 3009 auferantur.

386 3068 519 3133 XXVI.
546 3068 634 3146 Quia
651 3069 766 3134 omnia
786 3069 1033 3155 impedimenta
1052 3068 1167 3133 ablata
1184 3068 1438 3154 intelligantur.

385 3192 539 3257 XXVII.
560 3193 649 3270 Quia
669 3192 802 3274 fovens,
820 3216 938 3280 agens,
957 3194 1120 3274 alteram,
1139 3193 1319 3280 perficiens
1336 3193 1438 3259 adsit.

385 3317 556 3382 XXVIII.
583 3317 672 3394 Quia
693 3318 782 3383 idem
803 3318 893 3404 quod
912 3318 1008 3384 adest
1029 3319 1125 3402 volit,
1146 3342 1216 3385 non
1235 3318 1364 3385 frustra
1383 3342 1439 3384 ve-

296 3442 338 3508 lit
358 3450 462 3528 etque
481 3444 603 3531 possit,
626 3450 699 3510 tum
719 3468 780 3532 per
804 3446 875 3510 eius
899 3445 984 3529 vim,
1009 3453 1083 3512 tum
1106 3467 1168 3533 per
1196 3444 1298 3511 huius
1327 3445 1440 3534 dispo·

229 3580 272 3644 25
296 3569 467 3634 sitionem.

385 3693 524 3758 XXIX.
551 3694 638 3771 Quia
656 3695 746 3761 actio
765 3717 927 3781 praesens
947 3702 1011 3778 est,
1029 3695 1118 3761 unde
1142 3697 1301 3783 potentia
1325 3697 1438 3762 activa

296 3826 330 3882 et
349 3817 490 3904 passiva
509 3820 699 3885 necessario
715 3821 1016 3907 praesupponitur.

386 3945 507 4009 XXX.
532 3945 621 4023 Quia
640 3946 709 4011 iam
729 3955 808 4012 actu
832 3952 936 4010 estet
956 3946 1085 4011 factum
1109 3954 1173 4030 est,
1201 3969 1299 4012 omne
1324 3954 1439 4013 autern

298 4071 390 4157 quod
409 4080 460 4137 est
480 4071 556 4137 ideo
576 4080 628 4138 est
648 4073 730 4158 quia
750 4096 821 4138 csse
839 4081 964 4159 potest.

390 4312 542 4363 lalterum
560 4310 769 4364 contrariorum
787 4328 836 4362 ont.
854 4311 886 4362 M
947 4312 996 4363 23
1015 4311 1059 4363 vel
1072 4313 1207 4378 possibile
1224 4314 1269 4364 vol
1287 4329 1343 4365 non
1358 4316 1396 4364 sit
1408 4313 1442 4363 M

296 4393 312 4443 2
326 4395 488 4457 cum1s0rae
503 4394 555 4444 ut?
622 4393 652 4443 1³
670 4398 715 4443 est
727 4394 762 4443 ab
776 4395 866 4458 ipsius
881 4393 948 4444 A¹M
1014 4395 1045 4444 18
1058 4394 1162 4446 habeat
1175 4396 1211 4446 A:
1226 4409 1326 4462 capere
1339 4394 1441 4445 ceneri

296 4476 327 4526 22
340 4475 440 4526 favens
453 4474 490 4524 da
504 4475 605 4526 fovens
621 4476 646 4538 (o
658 4473 804 4539 ciccacrco)
819 4477 841 4525 A
905 4476 937 4526 28
948 4481 1014 4526 actu
1026 4474 1062 4526 A:
1076 4481 1172 4527 actum
1187 4475 1218 4527 Μ
