3488 5108
260 379 318 437 118
697 391 837 438 rounnm
858 390 959 438 novur

259 571 339 614 vere
357 554 417 613 aut
434 546 737 635 proportionaliter
749 553 822 628 (vas
835 547 930 634 capit
950 546 1082 630 vinum,
1103 546 1284 633 ingenium
1303 544 1397 632 capit

259 676 464 758 scientiam),
481 673 735 761 longitudinem
752 674 789 738 in
806 695 947 741 numero
963 680 998 738 et
1014 672 1235 739 latitudinem
1247 695 1309 760 per
1324 694 1402 759 pro-

258 823 414 886 gressum
433 799 613 865 divisionis
633 805 667 863 et
687 797 999 885 multiplicationis.

348 924 393 988 Il.
423 923 581 990 Occurrit
609 923 855 989 consideranda
878 922 968 989 ratio
996 922 1115 1009 magni
1138 945 1200 1010 per
1227 920 1400 1010 principia

215 1063 235 1126 5
259 1049 520 1136 magnificantia
536 1057 571 1114 et
587 1048 767 1114 materiam
784 1048 1088 1135 magnificabilem‚
1099 1048 1155 1114 vel
1170 1069 1232 1135 per
1246 1046 1402 1133 negatio·

258 1198 338 1241 nem
360 1175 616 1261 magnificantis
640 1182 675 1240 et
699 1175 1048 1262 magnificabilitatiS,
1078 1175 1167 1241 sicut
1195 1171 1399 1260 magnitudo

259 1299 386 1366 dicitur
405 1300 442 1365 in
460 1300 515 1366 his
535 1323 623 1387 quae
642 1308 723 1368 sunt
741 1324 803 1389 per
823 1324 858 1367 se
877 1324 1012 1388 magna.

320 1404 411 1490 III.
444 1424 604 1492 Succedit
634 1425 776 1493 effectus
810 1425 1115 1514 magnificationis,
1147 1425 1206 1512 qui
1237 1431 1290 1490 est
1325 1423 1403 1489 ado·

260 1553 433 1619 lcscentia.

195 1696 237 1760 10
350 1679 407 1746 IV.
428 1679 610 1745 Terminus
629 1678 723 1745 illius
742 1689 864 1746 motus.

348 1805 389 1871 V.
409 1804 580 1871 Iudicium
600 1804 749 1870 termini.

349 1930 407 1996 VI.
432 1931 656 1996 Confirmatio
676 1930 797 1996 iudicii
816 1938 851 1995 et
870 1929 1051 2017 appositio

348 2056 425 2121 VII.
451 2055 695 2121 Denominatio
717 2056 759 2122 ab
779 2055 992 2122 excellentia.
1031 2122 1034 2127 ,

348 2181 445 2249 VIII.
470 2182 639 2248 Absentia
658 2181 818 2248 desiderii
838 2206 897 2248 seu
918 2183 1081 2249 carentia.

348 2309 413 2374 IX.
436 2307 608 2374 Absoluta
626 2307 715 2374 ratio
735 2308 807 2374 eius
827 2307 918 2373 inter
937 2307 1015 2373 alla.

348 2434 393 2499 X.
418 2432 641 2499 Confirmatio
662 2433 755 2498 illius
775 2432 923 2499 absoluti
944 2457 1015 2500 esse
1035 2442 1069 2498 et
1088 2432 1282 2500 ratificatio.

348 2559 413 2624 XI.
442 2559 624 2648 Capacitas
655 2566 689 2624 et
719 2558 854 2625 culmen
883 2565 917 2624 et
944 2558 1088 2626 ultimus
1120 2565 1271 2626 attactus
1299 2559 1398 2627 adee-

260 2708 370 2771 quans
391 2686 395 2774 l
415 2685 613 2751 universam
632 2685 758 2772 speciei
782 2684 1028 2772 calamitatem
1053 2693 1087 2750 et
1111 2685 1168 2751 hic
1190 2686 1311 2754 modus
1335 2686 1403 2752 dif-
1430 2692 1549 2754 148v

259 2811 328 2878 fert
347 2835 367 2878 a
384 2810 604 2898 praecedenti
623 2817 695 2876 toto
715 2817 749 2876 et
769 2811 919 2896 integre,
940 2810 1021 2896 quia
1041 2811 1100 2877 ille
1119 2811 1204 2878 dicit
1222 2812 1405 2899 perfectio·

193 2947 237 3010 20
259 2960 339 3003 nem
358 2937 579 3023 particularis
599 2944 632 3002 et
652 2936 838 3019 individui,
859 2937 924 3002 iste
944 2938 1079 3024 speciei.

350 3062 432 3127 XII.
458 3061 707 3127 Sufficientiam
727 3062 764 3127 in
784 3063 895 3150 specie
915 3064 1046 3150 pariter
1069 3064 1278 3151 respondens
1303 3089 1403 3153 supe·

260 3190 344 3254 riori
363 3189 401 3255 in
418 3188 632 3276 particulari.

349 3315 449 3380 XIII.
475 3313 780 3380 Confirmationem
799 3315 879 3381 talis
899 3315 1076 3402 specificae
1096 3316 1331 3383 sufficientiae.

348 3441 445 3509 XIV.
471 3440 598 3507 Tendit
618 3441 662 3506 ad
681 3463 858 3506 excessum
879 3441 915 3506 in
935 3464 980 3506 se.

192 3595 235 3661 25
347 3567 426 3632 XV.
447 3567 502 3631 Ad
522 3566 796 3633 communionem
816 3566 1016 3653 possibilem
1040 3567 1185 3634 aliorum
1205 3576 1239 3634 et
1258 3570 1296 3634 in
1315 3570 1402 3637 aliis.

350 3693 447 3758 XVI.
468 3692 523 3757 Ad
539 3693 876 3780 supererogationem
895 3700 929 3758 et
945 3702 1060 3760 actum
1081 3696 1404 3764 communicationis

260 3818 472 3886 sufficientis,

349 3945 465 4011 XVII.
490 3943 617 4013 Tendit
636 3945 728 4011 ultra
748 3944 999 4011 sufficientiam.

355 4226 368 4275 l
392 4220 458 4274 veri
484 4221 526 4273 M:
550 4219 609 4273 fere
630 4221 654 4270 A
743 4222 759 4270 2
784 4223 853 4286 dopo
870 4223 1054 4274 latitudinem
1075 4225 1159 4289 ripae
1179 4225 1208 4276 in
1234 4242 1353 4278 numero
1376 4228 1407 4276 M

260 4306 310 4357 ud
326 4304 573 4355 adolescentiucrl
641 4303 670 4352 16
687 4303 757 4366 dopo
774 4303 933 4354 redificutio
953 4305 1009 4370 (sic)
1028 4305 1159 4371 appianae
1177 4307 1221 4372 (cf.
1238 4324 1269 4371 p.
1287 4311 1343 4370 116,
1362 4311 1404 4373 18)

262 4386 330 4450 quia
352 4387 394 4437 illi
411 4386 459 4437 vix
481 4385 627 4452 quippiam
649 4384 715 4436 addi
735 4389 830 4450 potest
846 4383 879 4434 Μ
940 4386 971 4436 18
992 4387 1121 4438 universi
1141 4388 1173 4438 M
1234 4390 1263 4439 21
1290 4405 1405 4457 rospon-

293 4466 463 4540 *nerioAM
