3488 5108
330 370 335 377 ·
375 355 413 414 14
809 370 949 418 1oausn1
969 372 1072 419 annu

371 526 487 593 tinans
506 527 657 614 spatium
675 533 780 613 atque
798 525 1004 594 continuum
1027 528 1257 616 intelligatur,
1282 529 1370 596 nihil
1393 536 1511 597 tamen

371 651 505 739 implet,
522 674 633 738 neque
651 651 873 740 adimplentis
891 652 1043 738 modum,
1064 653 1123 720 sed
1141 655 1334 742 praesentis
1357 662 1513 722 tantum-

371 776 473 844 modo
491 777 662 844 rationem
681 777 845 844 admittit.

460 902 543 968 XX.
568 902 688 988 Neque
707 926 835 989 rarum,
855 926 968 990 neque
986 904 1144 989 densum,
1163 927 1277 992 neque
1295 906 1510 973 rarissimum

327 1038 349 1100 ὅ
372 1051 445 1095 esse
467 1026 618 1116 intelligi
645 1034 774 1115 potest,
799 1028 858 1095 sed
881 1034 979 1095 extra
1003 1052 1120 1096 omnes
1143 1029 1381 1099 huiuscemodi
1410 1029 1512 1097 diffe-

371 1155 501 1221 rentias
520 1177 592 1222 esse
612 1154 816 1242 concipitur.

460 1279 562 1345 XXI.
587 1278 665 1345 Non
684 1286 737 1345 est
759 1279 797 1346 in
820 1279 1068 1367 compositione
1092 1280 1204 1347 veluti
1228 1304 1323 1369 pars,
1351 1283 1512 1368 quamvis

372 1403 625 1493 incompositis
644 1404 788 1471 insitum
806 1405 853 1472 sit
876 1411 911 1472 et
929 1405 1161 1492 intelligatur,
1181 1406 1241 1473 sed
1264 1408 1434 1473 rationem
1454 1409 1514 1475 ha-

372 1530 433 1598 bet
456 1529 732 1596 disterminantis
756 1536 872 1618 partas
893 1538 928 1596 et
951 1530 1200 1619 distinguentis
1227 1532 1341 1620 prima
1370 1554 1513 1622 corpora

310 1660 351 1724 10
374 1655 646 1742 individuorum,
666 1656 704 1722 in
724 1679 870 1742 quorum
887 1658 1034 1745 singulis
1051 1665 1212 1725 contactu
1230 1660 1515 1726 concurrentibus

372 1783 563 1849 necessario
583 1782 803 1865 interiectum
822 1784 869 1850 sit
887 1791 1032 1872 oportet.

462 1908 583 1974 XXII.
608 1908 728 1997 Ipsum
747 1909 838 1994 quod
857 1910 895 1976 in
914 1911 1115 1998 corporibus
1133 1911 1278 1978 insitum
1302 1918 1355 1977 est
1378 1910 1423 1977 ad
1446 1932 1515 1976 mo-
1535 1960 1539 1971 .

374 2040 450 2100 tum
469 2054 649 2120 corporum
668 2032 812 2099 minime
829 2041 961 2101 motum
977 2034 1208 2123 intelligatur,
1225 2035 1513 2122 quemadmodum

373 2164 476 2245 putat
499 2157 720 2243 Aristoteles,
744 2158 803 2225 sed
830 2159 901 2225 illis
929 2160 1032 2226 motis
1063 2161 1157 2227 aliud
1186 2184 1336 2228 vacuum
1365 2161 1456 2227 sicut
1480 2166 1515 2226 et

309 2294 351 2358 15
375 2286 470 2354 aliud
488 2287 640 2374 spatium
658 2294 855 2374 occupatur.
875 2288 979 2355 Haud
1002 2289 1094 2354 enim
1112 2288 1241 2378 (aliter)
1264 2311 1370 2374 quam
1393 2288 1430 2353 in
1455 2310 1514 2352 an-

374 2412 457 2479 nulo
475 2414 589 2479 locum
608 2420 766 2479 mutante
784 2421 852 2499 aer,
872 2415 932 2499 qui
951 2421 1003 2481 est
1018 2415 1111 2481 intra
1128 2415 1249 2481 annuli
1272 2413 1514 2480 circumferen-

375 2537 475 2624 tiam,
494 2558 565 2603 non
584 2560 661 2604 cum
680 2538 808 2605 annulo
828 2545 999 2625 movetur,
1019 2541 1079 2606 sed
1095 2546 1188 2606 moto
1205 2541 1333 2606 annulo
1353 2538 1440 2605 alius
1456 2546 1515 2603 ae'r

375 2670 410 2728 et
428 2663 522 2730 aliud
541 2663 693 2752 spatium
713 2663 873 2748 incurrit,
894 2664 944 2730 ita
962 2664 1004 2730 de
1022 2665 1270 2749 vacuitatibus,
1284 2687 1373 2751 quae
1391 2664 1429 2730 in
1446 2687 1514 2729 cor-

374 2789 517 2876 poribus
544 2792 548 2873 Ι
573 2789 726 2856 inclusae
753 2790 928 2874 videntur,
952 2797 1005 2856 est
1032 2790 1263 2857 iudicandum.
1288 2790 1399 2856 Chaos
1422 2789 1515 2855 enim
1540 2800 1656 2864 103r

308 2919 354 2983 20
376 2923 428 2981 est
446 2938 554 2981 unum
573 2915 777 2981 continuum
796 2915 949 3003 undique
968 2923 1003 2983 et
1018 2916 1166 3003 ubique;
1185 2939 1256 2983 non
1279 2916 1373 2982 enim
1398 2936 1517 3002 corpo-

375 3063 452 3106 rum
486 3040 700 3125 diversitate,
734 3040 970 3126 distinctione,
1004 3042 1247 3129 contiguitate,
1283 3040 1517 3106 continuitate

375 3165 617 3252 distinguitur,
634 3165 716 3231 licet
732 3165 789 3231 hie
804 3166 943 3252 quidem
957 3167 1114 3255 plenum,
1126 3167 1177 3233 ibi
1195 3190 1275 3234 vero
1293 3188 1440 3232 vacuum
1457 3166 1515 3248 sit,

375 3291 457 3358 licet
476 3292 581 3358 etiam
600 3313 771 3377 nusquam
790 3291 836 3358 sit
848 3315 997 3359 vacuum
1014 3293 1087 3359 sine
1104 3316 1245 3380 corpore
1260 3291 1384 3359 saltem
1400 3291 1515 3357 aethe·

375 3439 446 3502 reo,
469 3417 755 3502 quemadmodum
775 3424 809 3483 et
825 3440 887 3485 nos
906 3418 1107 3485 iudicamus.

309 3552 353 3616 25
466 3541 606 3608 XXIII.
619 3543 699 3609 Non
718 3550 770 3609 est
788 3566 849 3609 ens
867 3566 978 3630 neque
998 3566 1068 3611 non
1087 3568 1160 3630 ens,
1177 3544 1236 3611 sed
1254 3565 1383 3626 verum,
1404 3550 1438 3608 et
1455 3542 1517 3608 ho-

376 3691 453 3734 rum
473 3690 560 3754 quae
578 3675 660 3734 sunt
679 3669 965 3757 susceptaculum.
986 3670 1085 3749 Quod
1104 3671 1133 3736 si
1152 3694 1212 3736 ens
1236 3675 1271 3735 et
1295 3691 1414 3735 verum
1440 3666 1517 3752 quis

376 3794 530 3882 undique
549 3795 704 3861 converti
727 3795 832 3879 velit,
850 3797 1046 3863 libertatem
1071 3798 1274 3864 nominandi
1299 3794 1518 3862 concedimus

377 3927 412 3986 et
431 3921 638 4009 appetimus,
659 3920 843 3987 dummodo
862 3946 975 3988 rerum
995 3924 1085 3989 ratio
1103 3931 1241 3990 maneat
1259 3924 1402 3990 intacta.

467 4047 601 4112 XXIV.
630 4046 716 4112 Cum
740 4047 785 4113 sit
815 4071 875 4113 ens
903 4054 1027 4134 (neque
1060 4049 1188 4115 etenim
1212 4071 1340 4115 vanum
1368 4054 1403 4112 et
1430 4047 1519 4112 nihil

472 4279 487 4328 5
503 4277 637 4340 intelligi]
656 4277 818 4342 intelligere
835 4279 872 4327 A:
891 4279 1067 4343 intelligitur
1085 4281 1145 4340 (om.
1167 4281 1276 4344 potest)
1293 4277 1325 4326 Μ
1371 4279 1401 4326 10
1417 4276 1520 4326 indivi-

379 4357 480 4409 duali
536 4358 816 4409 realiterl1:0m.A
875 4361 905 4410 18
921 4360 1045 4409 incurrit
1058 4358 1100 4408 M:
1116 4359 1312 4409 incurrIturA
1376 4357 1519 4408 statvo-

379 4456 443 4491 rum
458 4442 581 4504 (eorum,
591 4442 753 4506 quaesunt)
768 4442 999 4506 conceptaculum
1014 4440 1046 4490 Μ
