3488 5108
666 422 795 469 neuras
814 421 973 470 rarorum
995 421 1200 469 srarvanvn.
1444 408 1503 468 ata

360 580 473 649 tiones
499 581 693 666 adducunt;
713 588 925 648 caeterorum
939 604 1020 648 vero
1034 589 1117 648 sunt
1134 582 1296 650 rationes.
1313 583 1436 668 Itaque
1462 582 1501 647 in

360 714 431 774 tres
450 709 575 775 classes
593 707 851 774 distribuuntur
869 717 1090 775 enumeratae
1110 715 1259 775 statuae:
1279 708 1317 772 in
1336 729 1393 773 eas
1413 729 1501 793 quae

361 835 556 901 lustrantur
585 835 774 901 secundum
805 834 937 918 modos,
968 835 1006 900 in
1025 858 1082 902 eas
1102 857 1190 922 quae
1216 834 1412 901 lustrantur
1441 856 1503 921 per

361 959 590 1044 conditiones,
615 966 650 1025 et
680 960 759 1027 illas
786 983 874 1048 quae
901 983 964 1048 per
992 960 1154 1028 rationes.
1180 959 1308 1027 Omnes
1327 965 1430 1025 certe
1459 957 1503 1024 ad

317 1080 338 1145 5
360 1085 599 1152 inventionem
617 1084 772 1172 faciunt,
789 1086 938 1154 maxime
957 1093 1073 1152 autem
1092 1092 1128 1152 et
1146 1084 1291 1152 firmiter
1311 1085 1473 1152 modales.

708 1394 783 1469 DE
825 1392 1154 1471 MODALIBVS.

450 1664 603 1731 Modalas
635 1663 756 1749 igitur,
776 1663 820 1730 ad
848 1664 1043 1750 generalem
1075 1668 1196 1751 utpote
1219 1655 1433 1750 pertinentes
1453 1662 1504 1727 in-

360 1789 576 1872 ventionem,
596 1795 691 1855 sunt:

449 1915 476 1979 Ι.
494 1914 668 2002 Apollinis
687 1920 802 1981 statua
821 1937 880 1980 seu
899 1913 1040 1995 atrium,
1061 1913 1125 1979 hoc
1143 1919 1195 1979 est
1215 1913 1327 1979 unius.

299 2042 339 2105 10
449 2040 495 2105 ΙΙ.
513 2039 670 2125 Saturni,
690 2038 755 2105 hoc
773 2047 825 2105 est
843 2040 1020 2127 principii.

450 2164 512 2229 III.
533 2165 820 2252 Demogorgonis,
841 2163 905 2231 hoc
924 2171 976 2230 est
995 2163 1221 2230 habitudinis.

450 2290 507 2354 IV.
529 2288 648 2356 Scalae
669 2289 858 2372 Minervae,
878 2289 943 2355 hoc
961 2295 1013 2355 est
1032 2288 1182 2356 habitus.

450 2415 489 2481 V.
511 2415 654 2481 Statuas
674 2415 864 2499 Minervae,
883 2414 947 2481 hoo
966 2422 1019 2482 est
1034 2414 1191 2480 notitiae.

449 2540 508 2606 VI.
529 2540 726 2608 Promethei
745 2547 893 2623 statuae,
912 2540 977 2607 hoc
996 2548 1049 2607 est
1067 2541 1216 2626 agentis.

449 2665 526 2731 VII.
546 2665 713 2731 Officinae
732 2666 894 2749 Vulcani,
914 2665 978 2731 hoo
997 2672 1049 2731 est
1068 2664 1213 2731 formae.

450 2789 546 2855 VIII.
567 2790 688 2878 Campi
709 2790 851 2874 Oceani,
871 2791 935 2856 hoc
952 2797 1004 2855 est
1023 2790 1285 2875 magnitudinis.

450 2913 514 2980 IX.
553 2915 806 3002 Explicationis
847 2937 953 2981 cornu
992 2914 1151 2997 Acheloi,
1190 2916 1253 2981 hoc
1290 2925 1342 2982 eat
1383 2916 1492 3003 ipsius

360 3039 497 3106 habere.

451 3165 499 3230 X.
518 3164 660 3231 Statuas
680 3165 837 3247 Veneris,
857 3164 921 3230 hoc
940 3172 992 3231 oet
1010 3166 1120 3253 ipsius
1138 3166 1338 3232 voluntatis.

294 3297 338 3360 20
449 3290 514 3355 XI.
535 3290 656 3377 Campi
680 3291 838 3373 Iunonie,
858 3290 922 3357 hoc
941 3296 993 3356 est
1012 3290 1127 3356 medii.

450 3415 533 3481 XII.
553 3416 676 3502 Oampi
694 3416 855 3500 Veneria,
874 3415 939 3482 hoc
958 3422 1010 3482 est
1029 3392 1240 3483 concordiae.

449 3541 552 3606 XIII.
574 3539 678 3607 Pellis
696 3541 912 3624 Amaltheae,
933 3542 996 3607 hoc
1015 3550 1068 3608 est
1086 3540 1310 3606 differentiae.
1525 3537 1645 3601 189v

450 3667 546 3733 XIV.
567 3667 697 3733 Montis
716 3666 871 3754 Olympi,
893 3666 957 3733 hoc
976 3674 1028 3733 est
1047 3667 1135 3733 finis.

1373 3895 1502 3905 ——-

452 4042 625 4093 emonam
672 4040 880 4107 91.]pri1noA
930 4039 1308 4105 hooestl÷Azutpotoll
1355 4038 1504 4091 10.23hoo

360 4128 404 4174 ost
420 4139 516 4172 cucero
532 4123 560 4173 h.
579 4138 595 4172 e
611 4121 643 4171 M
648 4139 653 4172 :
672 4120 741 4182 ÷A
807 4125 835 4172 11
854 4122 1100 4185 Daemogorgonis
1126 4121 1208 4187 (01.0
1223 4122 1250 4185 s.
1273 4122 1354 4184 203&
1375 4137 1419 4169 ma
1440 4137 1464 4169 v.
1485 4136 1502 4168 a

345 4221 375 4267 p.
397 4205 454 4260 131,
474 4205 498 4255 1)
516 4205 553 4253 A:
575 4202 775 4265 Momorgcnia
792 4202 825 4252 M
885 4203 916 4251 16
935 4195 1009 4262 Atrij
1028 4200 1135 4252 Oceani
1159 4206 1194 4263 (υ.
1209 4217 1239 4264 p.
1256 4203 1315 4261 216,
1334 4202 1378 4265 20)
1397 4199 1441 4259 M,
1459 4216 1501 4250 nia

359 4285 394 4347 es.
408 4301 439 4348 p.
460 4285 608 4346 115,17.f.
623 4285 687 4332 201¹·
705 4289 771 4335 extr.
837 4286 867 4333 19
884 4283 1005 4333 Veneris
1024 4282 1070 4332 u:
1087 4281 1234 4332 Minervae
1250 4282 1272 4331 Λ
