3488 5108
302 364 361 421 344
740 377 879 424 manuni
901 375 1002 422 novur

302 542 337 599 et
356 535 419 601 hoc
436 543 539 622 pacto
555 557 670 600 veram
687 534 932 601 elementorum
953 534 1123 600 rationem
1140 540 1174 599 et
1191 557 1317 600 nomen
1337 534 1444 600 adsci-

303 666 404 724 scunt
421 666 456 724 et
475 660 667 747 vulgariter
685 666 766 725 sunt
787 661 962 748 appellata
982 660 1150 726 elementa
1169 683 1278 746 usque
1298 659 1443 726 adhaec
1486 669 1491 677 ’

302 790 472 871 tempora,
493 790 533 848 ut
552 784 791 870 vulgatissima
810 792 891 851 ante
905 785 1155 872 Peripateticos
1171 784 1389 872 philosophia
1408 792 1444 851 et

302 909 449 974 maxime
468 916 605 996 recepta
623 908 693 975 fuit
712 909 940 997 Empedoclis.
960 912 1003 975 In
1022 910 1080 975 via
1101 932 1181 975 vero
1210 909 1443 997 Peripatetico

258 1044 278 1106 5
302 1060 378 1103 cum
397 1037 481 1103 haec
499 1037 536 1102 in
555 1037 704 1102 invicem
725 1039 952 1104 transmutari
978 1039 1237 1126 intelligantur,
1264 1061 1335 1105 non
1364 1040 1442 1128 plus

301 1163 430 1228 habent
447 1162 617 1228 rationem
635 1162 801 1249 principii
822 1185 925 1249 quam
944 1163 1162 1251 principiali,
1179 1186 1250 1229 11011
1267 1163 1378 1230 solum
1392 1164 1443 1231 vi-

301 1289 425 1355 delicet
449 1296 530 1356 sunt
558 1313 600 1355 ex
620 1291 747 1376 quibus
778 1290 861 1371 alia,
882 1290 940 1357 sed
959 1292 1065 1357 etiam
1084 1314 1173 1378 quae
1192 1313 1234 1356 ex
1253 1291 1344 1374 aliis;
1364 1290 1443 1357 reti·

300 1420 384 1478 nent
403 1414 512 1500 igitur
530 1415 756 1502 Peripatetici
775 1438 900 1481 nomen
924 1416 1086 1481 elementi
1105 1416 1278 1501 loquendo
1306 1422 1346 1481 ut
1369 1415 1443 1480 vul·

299 1561 364 1624 gns
380 1561 440 1604 seu
455 1546 496 1604 ut
516 1544 520 1624 Ι
541 1540 671 1627 plures,
684 1542 781 1606 cuins
794 1540 933 1627 quidem
944 1543 1111 1606 rationem
1130 1563 1191 1607 seu
1206 1540 1442 1606 definitionem
1469 1547 1561 1612 522
1572 1550 1619 1612 Β

238 1677 278 1738 10
300 1664 377 1730 istie
405 1664 527 1730 iisdem
552 1688 624 1732 non
652 1666 863 1732 adscribunt.
888 1666 976 1731 Oum
995 1688 1076 1752 ergo
1096 1665 1302 1754 proponitur
1320 1665 1362 1730 de
1380 1665 1444 1730 ele·

301 1797 495 1856 mentorum
513 1792 749 1877 generatione,
769 1792 1022 1879 respiciendum
1041 1799 1092 1858 eet
1116 1793 1159 1857 ad
1179 1816 1251 1858 rem
1269 1791 1442 1878 significa-

301 1922 372 1980 tam
393 1921 398 2000 Ι
418 1916 515 1980 iuxta
534 1916 842 2003 Peripateticorum
861 1939 1004 2002 morem,
1025 1939 1096 1983 non
1119 1925 1235 1983 autem
1254 1915 1297 1981 ad
1316 1938 1441 1983 nomen
1465 1922 1559 1986 3'7'
1574 1921 1611 1985 Ο

300 2040 515 2126 significem,
547 2041 825 2128 quandoquidem
856 2042 898 2109 de
928 2044 1062 2109 ratione
1085 2043 1159 2109 veri
1190 2039 1352 2108 elementi
1375 2048 1440 2124 est,

300 2172 340 2231 ut
357 2166 403 2231 sit
421 2165 657 2252 ingenerabile
676 2174 710 2231 et
732 2166 1005 2256 incorruptibile.
1035 2169 1110 2233 Hac
1140 2174 1255 2234 stante
1284 2165 1442 2233 doctrina

238 2295 277 2359 15
301 2290 359 2356 illa
376 2290 539 2356 (licuntur
552 2292 613 2377 [in]
628 2299 748 2358 mutuo
763 2294 919 2358 converti
936 2302 970 2359 et
986 2295 1108 2359 horum
1120 2293 1267 2358 alterum
1280 2315 1321 2357 ex
1333 2292 1442 2358 altero

300 2416 459 2500 generari
478 2423 584 2502 atque
603 2439 720 2483 eorum
744 2418 891 2484 alterum
914 2419 951 2483 in
975 2421 1122 2484 alterum
1147 2418 1334 2505 corrumpi,
1355 2440 1442 2504 quae

303 2541 558 2607 communicant
578 2542 614 2605 in
634 2543 792 2626 materia,
818 2543 954 2628 quando
973 2543 1135 2610 videlicet
1154 2544 1347 2610 subiectum
1375 2543 1443 2610 for·

302 2687 377 2730 mae
396 2667 498 2732 unius
517 2666 557 2730 fit
577 2667 769 2733 subiectum
788 2667 919 2734 formae
939 2669 1094 2751 alterius3
1111 2670 1246 2735 ethaeo
1264 2667 1442 2755 generatio

303 2796 386 2854 tunc
416 2814 495 2856 vere
524 2792 734 2878 perspicitur
762 2793 799 2857 in
828 2793 1021 2879 elementis,
1053 2794 1190 2880 quando
1219 2793 1364 2858 materia
1384 2793 1444 2859 illa

237 2933 372 2994 ι1011110
402 2923 437 2980 et
467 2917 598 2998 carlom,
628 2941 715 3002 quac
744 2925 818 3006 erat
848 2919 911 2984 sub
940 2919 1051 2985 forma
1078 2942 1201 3003 aquae,
1232 2918 1356 2983 deinde
1380 2920 1443 2985 sub

302 3040 412 3105 forma
431 3042 570 3128 vaporis
589 3050 624 3107 et
644 3043 732 3106 ao'ris
751 3050 815 3107 etc.
837 3043 935 3122 Quod
955 3044 984 3108 si
1003 3066 1073 3108 non
1097 3049 1186 3107 esset
1214 3042 1351 3124 eadem,
1379 3042 1442 3108 fal-

303 3186 377 3228 sum
397 3174 483 3229 esset
503 3166 615 3231 dicere
634 3190 675 3231 ex
700 3190 789 3252 aqna
806 3168 882 3233 fieri
901 3191 1077 3256 vaporem,
1102 3191 1144 3232 ex
1163 3190 1290 3255 vapore
1319 3176 1442 3234 a'e'rem.

303 3296 394 3360 Hinc
410 3296 525 3361 anima
544 3319 614 3362 non
635 3298 867 3383 corrumpitur
883 3298 920 3361 in
940 3305 1052 3362 aerem
1073 3303 1107 3361 et
1124 3320 1258 3381 aquam,
1275 3320 1387 3383 neque
1401 3320 1443 3362 ex

303 3422 355 3485 his
374 3431 572 3507 generatur,
593 3423 763 3508 quianon
783 3424 1014 3489 communicat
1029 3421 1066 3486 in
1082 3423 1228 3487 materia
1244 3445 1321 3487 cum
1340 3423 1441 3509 ipsis;

236 3562 279 3622 25
303 3554 362 3612 aut
392 3549 484 3613 enim
517 3554 568 3614 est
599 3549 674 3614 sine
704 3551 862 3632 materia,
894 3556 954 3613 aut
983 3549 1070 3614 alius
1101 3549 1238 3634 generis
1268 3549 1442 3614 materiae.

303 3673 409 3737 Porro
429 3675 584 3740 omnium
604 3674 882 3760 corruptibilium
905 3697 975 3739 una
993 3682 1130 3740 tantum
1149 3684 1200 3739 est
1225 3676 1383 3757 materia,
1409 3682 1443 3740 et

303 3799 435 3863 caelum
459 3801 562 3886 (qnod
593 3801 857 3887 incorruptibile
886 3823 1007 3889 corpus
1038 3806 1102 3881 est)
1134 3800 1320 3866 secundum
1350 3801 1443 3866 viam

303 3923 391 3989 lieno
410 3934 557 3990 autnon
575 3925 680 3990 habet
699 3926 878 3991 materiam
896 3934 955 3990 ant
971 3926 1075 3990 aliam
1092 3948 1162 3991 non
1180 3926 1282 3991 huius
1296 3926 1443 4012 generis.

303 4051 405 4113 quta
420 4072 501 4114 vero
516 4051 733 4138 Empedoclis
750 4051 958 4117 sententiam
974 4059 1008 4115 et
1024 4052 1184 4117 similiter
1199 4051 1445 4139 philosophan-

395 4370 486 4419 3.4.8.
498 4370 527 4418 12
543 4369 781 4433 Peripatheticos,
800 4369 1023 4435 Peripathetioe,
1043 4365 1260 4433 Peripathetici‚
1280 4367 1445 4433 Peripathe·

304 4449 468 4501 ticorumE
532 4451 561 4498 15
579 4450 750 4500 caucellianio
765 4452 793 4500 in
856 4448 1112 4508 ⁸20una(est>et?
