3488 5108
283 364 341 425 140
720 377 859 427 rounam
881 375 982 424 savar

280 534 402 618 faciat,
418 535 625 623 praecipiat,
641 535 834 623 permittat;
851 535 889 601 in
903 532 1109 621 quibusdam
1125 554 1206 598 vero
1223 531 1314 616 aliis,
1331 553 1420 619 quae

280 669 362 726 sunt
380 659 473 727 infra
492 661 642 727 hominis
661 668 696 727 et
714 661 779 727 Dei
798 659 1019 747 dignitatem,
1039 659 1095 725 vel
1117 657 1201 724 haee
1219 656 1422 724 similitudi·

281 785 378 851 narie
396 786 452 851 vel
468 785 641 855 diminute
660 787 716 852 vel
733 785 874 853 taudem
892 784 1055 871 negative
1073 783 1247 850 dicuntur.

534 1109 608 1182 DE
650 1106 833 1185 oAMPO
874 1105 1171 1185 MINERVAE

605 1253 711 1329 SEV
743 1253 818 1327 DE
860 1251 1100 1330 NOTITIA.

367 1533 488 1619 Neque
506 1532 600 1597 iuter
617 1531 686 1597 alia
706 1528 863 1597 omittere
881 1528 1045 1595 debemus
1065 1529 1295 1596 universalem
1312 1528 1422 1596 ratio·

278 1683 357 1726 nem
377 1657 617 1727 considerandi
642 1680 684 1723 ex
703 1664 801 1746 parte
818 1655 965 1722 notitiae
984 1679 1044 1722 seu
1071 1656 1290 1743 cognitionis.
1310 1655 1422 1723 Omne

279 1790 371 1856 enim
391 1787 484 1876 quod
502 1788 540 1854 in
560 1785 887 1873 contemplationem
911 1790 946 1849 et
969 1782 1162 1850 discursum
1185 1783 1300 1868 venit,
1324 1783 1423 1850 iuxta

279 1912 492 1980 conditiones
512 1908 822 2000 cognoscibilitatis
841 1917 876 1975 et
893 1908 1183 1976 verificabilitatis
1213 1909 1316 1993 (unde
1343 1932 1422 1976 con-

214 2043 256 2107 10
277 2046 459 2126 sequenter
483 2037 596 2104 omnis
621 2037 689 2103 alia
717 2034 898 2124 dependet)
930 2040 983 2100 est
1010 2033 1286 2100 examinandum.
1315 2035 1420 2101 Ratio

279 2167 371 2232 enim
391 2164 560 2248 veritatis,
576 2185 664 2248 quae
683 2160 905 2247 consequitur
923 2161 1190 2228 affirmationem
1206 2166 1241 2227 et
1265 2162 1421 2249 negatio·

279 2314 373 2374 nem,
403 2312 487 2377 quas
507 2288 719 2376 praecedunt
739 2285 1021 2373 comprehensive
1044 2289 1173 2376 species
1196 2294 1231 2353 et
1251 2288 1419 2374 rationeS,

279 2416 323 2482 ab
340 2414 537 2481 huiusmodi
556 2411 719 2478 membris
736 2411 865 2478 habent
883 2411 1105 2501 principium.

365 2539 521 2606 Primum
540 2537 650 2625 igitur
670 2536 879 2625 cognitionis
895 2537 984 2604 ratio
1000 2538 1128 2626 pendet
1143 2562 1163 2605 a
1179 2538 1314 2605 ratione
1334 2539 1339 2628 l
1360 2562 1419 2606 na·
1445 2542 1561 2607 15'7r

212 2674 253 2737 15
275 2665 399 2733 turalis
415 2664 673 2752 complexionis,
687 2685 774 2750 quae
786 2664 956 2730 naturalis
968 2671 1003 2729 et
1017 2663 1160 2731 Saturni
1171 2664 1419 2732 melancholiae
1518 2741 1523 2752 ¹

275 2791 454 2877 regulatae
472 2790 649 2856 tribuitur.

365 2917 481 3003 ipsam
498 2914 646 2980 secundo
663 2913 820 3000 sequitur
834 2914 966 2981 indoles
981 2922 1016 2981 et
1032 2914 1212 3002 ingenium
1222 2939 1229 2997 ;
1240 2915 1312 2982 eius
1325 2915 1417 2982 enim

276 3041 365 3108 ratio
385 3048 437 3107 est
455 3040 623 3107 naturalis
642 3046 877 3126 temperatura
896 3047 930 3105 et
946 3062 1153 3126 organorum
1173 3039 1364 3127 dispositio.

366 3169 429 3234 III.
454 3169 517 3234 Est
536 3167 723 3234 instinctus
741 3190 801 3234 seu
824 3168 1017 3252 inclinatio,
1040 3191 1127 3255 quae
1151 3168 1301 3235 indolem
1320 3169 1419 3255 inge·

210 3297 255 3360 20
277 3296 442 3382 niumque
461 3294 630 3380 sequitur,
647 3301 681 3359 et
700 3293 744 3360 ab
763 3293 828 3359 hac
850 3294 960 3360 veluti
987 3294 1128 3380 genium
1156 3294 1316 3378 dicimu8‚
1336 3293 1418 3380 quia

276 3420 436 3487 fortunae
453 3425 596 3487 eventus
610 3426 645 3484 et
661 3418 775 3485 studia
790 3418 882 3485 hunc
899 3427 1102 3505 sequuntur;
1119 3418 1211 3485 unde
1227 3419 1418 3486 Platonicis

276 3554 328 3612 est
348 3546 540 3632 vulgatum,
557 3542 648 3630 quod
660 3542 667 3565 “’
678 3544 737 3630 qui
750 3543 865 3610 studia
882 3551 1006 3630 mutat,
1022 3544 1166 3631 genium
1183 3551 1296 3611 mutat
1314 3552 1417 3631 atque

276 3669 479 3738 fortunam'

365 3797 425 3861 IV.
448 3797 512 3861 Est
535 3818 654 3863 sensus
683 3794 832 3877 auditus,
862 3816 929 3879 quo
957 3794 1108 3882 primum
1136 3795 1357 3863 aedificamur
1382 3803 1417 3861 et

210 3921 253 3984 25
276 3922 513 3989 informamur.

372 4213 387 4261 3
401 4213 479 4277 sorae
490 4210 693 4262 deminutlve?
755 4210 786 4260 12
806 4211 1070 4276 comprehensivas,
1095 4229 1113 4260 a
1131 4218 1229 4276 quanto
1242 4213 1360 4275 seniora,
1375 4215 1413 4266 A:

271 4293 553 4360 foraeconrapicne?
615 4293 647 4343 18
663 4291 830 4359 leqpihabet
893 4295 924 4343 15
929 4293 1007 4355 forse
1020 4308 1091 4359 quac
1104 4293 1256 4344 naturali?
1319 4295 1416 4345 Satur-

275 4374 307 4426 ni
328 4376 366 4425 A:
389 4375 541 4426 Saturniae
562 4374 594 4424 M
659 4373 691 4423 16
711 4373 860 4438 regulataa
882 4374 920 4424 A:
943 4375 1076 4439 regulare
1100 4374 1132 4423 Μ
1192 4377 1225 4424 20
1239 4377 1318 4439 forse
1339 4375 1418 4426 duci-

276 4457 363 4508 mus?
424 4453 866 4506 '23fertunamrl2cacu1nenll1
927 4453 1098 4521 24quodA¹
