3488 5108
656 379 780 425 russas
802 379 846 423 na
866 380 980 425 unsri.
1334 365 1392 422 lssl

246 540 283 602 in
303 539 431 621 oculos,
452 546 486 602 et
507 538 675 624 imagines
700 539 736 603 in
756 538 903 625 speculis
927 548 961 602 ct
984 538 1143 625 partibus
1163 539 1389 625 spiraculorum.

248 664 370 750 Itaque
389 664 531 751 spiritus
555 671 589 728 et
613 664 784 750 spiritalia
808 663 882 729 loco
914 673 949 729 el
975 665 1128 730 subiecto
1153 688 1222 731 nou
1244 675 1322 730 suut
1367 666 1393 728 l-

246 789 364 876 ligata.

339 957 472 1033 Disting.
494 958 606 1016 Anima
634 970 681 1016 εει
705 957 735 1015 in
760 965 824 1016 toto
851 966 928 1034 tota,
947 958 1004 1017 hoc
1031 972 1079 1018 εει
1102 960 1267 1019 secundum
1286 982 1392 1022 essen·
1418 959 1506 1022 78‘
1523 959 1559 1022 Ο

204 1067 225 1128 ἵ)
248 1067 322 1126 tiam
340 1074 371 1125 et
387 1064 569 1142 potentiam,
588 1084 648 1122 uon
666 1072 768 1124 autem
787 1075 836 1124 εει
853 1065 882 1123 in
901 1073 966 1124 toto
980 1067 1130 1142 totaliter,
1146 1067 1203 1126 hoc
1222 1077 1270 1127 εει
1288 1089 1396 1129 secuu-

248 1169 319 1229 ‹lum
335 1170 542 1248 operationem
558 1179 588 1230 et
602 1179 718 1246 actum,
735 1169 1019 1246 quianonnndique
1036 1171 1132 1248 videt,
1148 1170 1280 1247 undique
1295 1172 1393 1250 audit,

248 1279 319 1354 quie
344 1300 402 1339 non
420 1279 530 1355 ubique
547 1291 619 1339 sunt
636 1300 751 1355 organa
777 1279 901 1339 videndi
919 1289 950 1339 ει
971 1279 1129 1354 audiendi;
1148 1281 1250 1355 itaque
1269 1301 1328 1340 non
1348 1293 1396 1341 est

249 1387 399 1462 totaliter,
419 1387 476 1444 hoc
493 1396 542 1446 εει
564 1407 618 1463 per
635 1387 743 1446 omnia.
759 1386 838 1446 Item
856 1386 1103 1462 distinguendum
1122 1398 1171 1446 est
1186 1387 1224 1446 de
1243 1388 1395 1464 potentia,

249 1494 279 1552 in
307 1494 474 1571 potentiam
501 1493 628 1571 primam
658 1504 689 1554 et
717 1494 893 1571 proximam.
920 1495 1065 1554 Potentia
1087 1495 1184 1572 prima
1205 1501 1253 1553 εει
1275 1494 1326 1553 ubi
1347 1504 1397 1554 est

185 1601 227 1663 lO
248 1601 367 1661 animae
389 1602 540 1676 essentia,
563 1600 702 1678 potentia
729 1620 803 1660 vero
829 1600 966 1678 proxima
987 1610 1035 1660 εει
1056 1600 1106 1660 ubi
1134 1611 1206 1660 sunt
1233 1620 1348 1677 organa
1365 1611 1397 1662 ει

250 1707 356 1766 media.
383 1707 489 1766 Prima
510 1708 648 1785 potentia
670 1715 717 1766 εει
739 1715 807 1766 ιοιε
827 1706 857 1765 in
879 1717 945 1766 toto
968 1716 999 1766 ει
1019 1708 1049 1765 in
1070 1708 1207 1783 qualibet
1229 1716 1328 1785 parte.
1351 1730 1395 1769 εε-

249 1814 348 1877 cunila
367 1835 438 1874 vero
457 1814 486 1872 in
504 1815 598 1874 certis
616 1822 664 1874 est
683 1822 714 1875 el
731 1814 864 1874 delinitis
882 1814 1032 1892 partibus.

801 2100 846 2164 X.

339 2343 444 2408 Nulla
477 2341 675 2429 productio,
714 2340 809 2405 nulla
842 2338 1021 2425 generatio
1056 2350 1107 2405 εει
1142 2340 1216 2406 siue
1251 2341 1328 2406 idea
1359 2352 1394 2405 ει

186 2481 227 2543 Ιῖ)
250 2475 324 2540 siue
343 2471 553 2558 cognitione,
573 2493 697 2556 nempe
716 2468 899 2548 efficiente,
920 2467 979 2552 qui
1008 2467 1051 2532 ad
1076 2469 1273 2554 propositae
1295 2468 1394 2534 ideae

250 2624 405 2668 normam
430 2596 561 2683 aliquid
581 2596 749 2684 producit.
776 2596 858 2661 Idea
883 2605 1015 2677 autem,
1041 2619 1109 2680 qua
1129 2596 1229 2662 homo
1250 2607 1397 2680 generat

250 2727 424 2793 homiuem
450 2732 485 2788 et
510 2723 563 2787 leo
588 2724 735 2805 iconem,
756 2743 825 2785 nou
845 2732 897 2786 εει
920 2731 1091 2806 separata,
1123 2719 1182 2785 scil
1209 2721 1396 2786 coniuncta

250 2853 316 2940 ipsi
340 2851 431 2916 leoni
455 2857 490 2914 et
513 2849 581 2935 ipsi
604 2847 753 2928 homini,
774 2846 925 2911 efficiens
950 2870 1028 2912 vero
1050 2848 1178 2933 partim
1198 2856 1395 2933 separatum

250 2991 319 3065 est,
350 2980 478 3068 partim
509 2978 748 3056 coniunctium
779 2977 923 3040 materia
952 2998 1063 3060 noque
1093 2985 1252 3062 separata
1283 2999 1396 3060 neque

130 3123 133 3130 “
183 3112 227 3175 20
251 3109 445 3175 coniuncta.

341 3275 586 3356 Cognitione]
613 3273 747 3348 Disting.
774 3271 859 3344 Quae
880 3280 929 3331 εει
951 3269 1140 3330 sensibilium
1161 3269 1329 3344 sensitiva,
1357 3269 1398 3328 in-

249 3385 455 3460 telligibilium
473 3383 672 3444 intellectiva.

340 3491 418 3550 Item
441 3490 479 3550 (le
501 3490 715 3556 efficiente,
738 3487 789 3562 qui
811 3488 989 3547 coniunctus
1011 3496 1070 3561 est,
1101 3486 1200 3544 anima
1228 3493 1259 3544 ει
1288 3492 1398 3544 natura

250 3599 392 3677 propria,
412 3605 587 3676 separatum
605 3605 665 3670 est,
685 3595 745 3669 sol,
764 3602 896 3668 astrum,
915 3600 976 3653 aer.

258 3764 432 3772 ——-—-u

343 3874 359 3921 2
375 3865 481 3937 aprelis
494 3869 524 3919 Μ
531 3889 537 3920 z
554 3869 717 3935 spiritualia
737 3869 759 3920 C
821 3875 850 3916 ει
867 3868 999 3916 subiecto
1016 3882 1065 3913 om.
1087 3867 1109 3915 {J
1171 3865 1195 3912 l.
1206 3863 1254 3911 ull
1272 3863 1324 3911 hoc
1342 3861 1395 3928 est}

250 3962 280 4015 ÷
293 3951 340 4017 qni
355 3953 387 4002 eii
401 3952 504 4001 nilrooe
519 3950 569 4001 OM
624 3951 638 3998 l
656 3958 684 3999 et
698 3966 746 3998 om.
763 3946 785 3998 0
837 3949 889 3997 8.9
906 3952 951 3996 εει
964 3947 998 3995 de
1013 3943 1143 4009 potentin
1159 3944 1251 4008 prima
1264 3952 1292 3990 et
1304 3944 1397 4006 proxi·

252 4051 296 4084 ma
310 4035 332 4084 0
384 4037 399 4081 9
416 4031 485 4095 ‹iopo
496 4033 654 4096 proximam
664 4028 783 4078 caracalla
797 4027 955 4077 secundnm
972 4025 1006 4087 (ἵ)
1017 4024 1049 4074 Μ
1093 4026 1118 4073 e.
1133 4025 1162 4073 10
1179 4028 1224 4071 est
1235 4023 1346 4071 animno
1357 4037 1398 4071 εε-

251 4118 362 4164 sentiae
381 4111 513 4173 teilliano
531 4109 621 4160 scritto
642 4112 779 4171 cosentia)
797 4109 829 4159 Μ
834 4126 838 4156 :
858 4109 969 4157 animae
988 4122 1039 4156 seu
1058 4105 1202 4155 essentiae
1223 4109 1282 4164 (om.
1301 4109 1355 4164 est)
1378 4105 1400 4153 t'

252 4198 283 4245 10
299 4203 343 4244 εει
357 4193 446 4243 amc
509 4193 545 4240 ll.
559 4193 588 4239 lli
605 4197 651 4240 ele.
670 4189 755 4239 Idaea
773 4195 818 4239 cle.
837 4187 889 4238 Cri!
907 4189 961 4252 (nia
984 4205 1007 4236 ε.
1037 4190 1066 4235 lo
1084 4187 1174 4248 ideae)
1242 4187 1398 4248 lllsopora-

251 4283 281 4324 ta
290 4274 321 4323 Μ
381 4278 419 4322 al.
431 4273 463 4321 a>
474 4290 485 4320 e
497 4273 536 4321 ’ἰὰ
547 4274 577 4319 tl
592 4270 619 4319 in
634 4269 754 4333 niarpine
766 4272 824 4318 leon
837 4265 967 4317 richiamo
978 4268 1030 4315 alle
1042 4267 1140 4330 parole
1152 4282 1176 4316 υ.
1191 4268 1221 4314 15
1231 4265 1397 4325 cognitione

250 4374 263 4402 e
277 4356 416 4405 efficiente
428 4353 460 4416 0,
472 4353 529 4401 alla
538 4352 643 4416 parole
657 4351 782 4400 alliciens
794 4367 816 4399 c.
830 4352 860 4398 lt
870 4349 909 4412 ll)
920 4349 950 4399 Μ
1012 4351 1041 4398 21
1061 4349 1139 4407 Quae
1148 4364 1197 4397 orn.
1209 4345 1324 4404 (aconito
1334 4347 1357 4407 l)
1368 4343 1398 4392 ⁴i!

250 4439 289 4486 21.
299 4437 330 4485 ‘32
342 4435 411 4499 dopo
428 4433 653 4498 intelligibilium
664 4430 783 4480 ccniccllo
795 4429 986 4494 intelligibilis
1000 4427 1031 4478 Μ
1077 4428 1107 4477 al
1122 4432 1285 4494 separatum
1297 4423 1335 4474 sic
1347 4424 1398 4474 cll
