3488 5108
670 402 800 448 raucas
820 401 979 448 rarorum
1001 401 1206 446 srarvaavu.
1470 388 1509 446 29

367 558 436 624 nisi
466 557 556 624 forte
584 558 621 623 in
650 557 851 624 definitione
881 558 1107 639 naturalium,
1133 567 1303 643 quatenus
1334 558 1507 624 naturalia

368 689 503 748 suntet
522 681 694 768 quoddam
712 705 821 770 genus
840 683 972 748 entium
992 683 1219 749 constituunt.

456 807 558 873 XIX.
583 807 639 873 Ab
658 807 845 873 Aristotele
863 806 992 873 dicitur
1014 807 1224 894 principium
1248 809 1510 873 transmutatio-

367 931 422 997 nis
440 930 549 1019 ipsius
568 955 638 998 non
657 955 730 998 esse
754 955 772 998 a
797 939 921 998 natura
943 932 1184 1015 intellectuali,
1212 932 1271 997 sed
1295 956 1314 998 a
1338 932 1509 1019 principio

323 1058 344 1120 i)
368 1057 570 1141 intrinseco;
588 1059 648 1146 qui
664 1058 754 1125 forte
769 1058 950 1145 intelligit,
968 1065 1007 1124 ut
1023 1058 1219 1144 intelligere
1233 1057 1347 1142 debet,
1361 1059 1402 1124 de
1418 1059 1511 1146 prin·

368 1182 458 1270 cipio
478 1183 630 1270 passivo,
650 1205 721 1248 non
741 1183 865 1248 activo.

456 1307 539 1373 XX.
565 1309 596 1373 A
620 1308 868 1395 compositione
892 1308 965 1373 sive
984 1330 1003 1373 a
1023 1309 1099 1374 luce
1123 1331 1193 1374 non
1213 1315 1264 1374 est
1280 1317 1358 1374 actu
1379 1332 1512 1397 separa·

366 1432 460 1516 bilis,
473 1432 532 1498 sed
551 1434 685 1499 ratione
701 1439 850 1515 tantum,
864 1432 1151 1518 quemadmodum
1168 1434 1345 1521 propriam
1364 1457 1433 1500 non
1448 1435 1508 1501 ha-

366 1557 425 1623 bet
441 1558 611 1623 actualem
628 1558 902 1642 subsistentiam,
923 1558 982 1624 sed
998 1559 1181 1624 essentiam
1202 1566 1236 1624 et
1255 1577 1342 1641 esse3
1358 1566 1398 1625 ut
1417 1560 1508 1624 enim

303 1693 345 1757 10
367 1704 471 1769 supra
491 1681 624 1748 dictum
644 1690 710 1766 est,
730 1683 806 1749 ideo
832 1683 867 1748 in
893 1683 1006 1770 ipsam
1031 1682 1157 1749 ultima
1173 1685 1213 1749 fit
1234 1684 1400 1770 cuiusque
1423 1706 1511 1749 com-

365 1808 472 1895 positi
494 1808 673 1894 resolutio,
698 1809 779 1894 quia
803 1808 840 1874 in
864 1809 1021 1895 sequenti
1044 1817 1123 1896 post
1151 1817 1352 1896 corruptum
1376 1832 1510 1897 compo·

365 1935 432 2001 sito
461 1935 502 2000 (le
529 1934 750 2022 praecedenti
777 1933 890 2001 forma
918 1957 977 2001 seu
1013 1935 1125 2021 specie
1156 1935 1244 2000 nihil
1276 1944 1430 2001 remanet
1462 1937 1509 2023 lin

365 2060 598 2146 subsequenti]
619 2067 755 2147 praeter
774 2060 965 2125 materiam.

453 2185 555 2250 XXI.
580 2185 719 2250 Dicitur
748 2208 820 2251 esse
843 2207 954 2271 neque
984 2185 1082 2272 quid,
1112 2207 1224 2272 neque
1256 2187 1370 2271 quale,
1396 2208 1506 2271 neque

301 2315 547 2396 loquantum,
579 2309 638 2375 sed
665 2310 702 2374 in
730 2309 886 2397 potentia
910 2311 1039 2396 omnia,
1064 2311 1159 2397 quia,
1184 2317 1224 2375 ut
1247 2334 1352 2399 supra
1375 2310 1506 2377 <lictum

365 2442 430 2516 est,
453 2456 524 2500 non
544 2443 596 2500 est
615 2457 688 2518 ena,
709 2434 768 2501 sed
786 2433 879 2501 infra
898 2458 958 2501 ens
977 2443 1011 2501 et
1030 2435 1122 2502 basis
1141 2436 1232 2501 entis
1252 2444 1287 2503 et
1305 2435 1508 2502 fundamen·

363 2568 447 2626 tum.
471 2560 551 2626 Nou
575 2569 627 2625 est
651 2559 750 2645 quid,
781 2560 863 2645 quia
888 2559 1063 2646 quidditas
1090 2560 1176 2626 dicit
1203 2560 1351 2627 formam
1376 2583 1435 2626 seu
1458 2561 1506 2628 lu·

363 2707 445 2750 cem.
470 2684 549 2750 Non
580 2692 632 2749 est
657 2685 834 2771 quantitas
863 2708 973 2770 neque
1000 2686 1163 2771 qualitas,
1195 2686 1277 2770 quia
1307 2708 1424 2751 eorum
1455 2695 1507 2752 est

363 2809 556 2875 subiectum
574 2817 717 2896 propter
741 2809 899 2890 formam,
921 2810 976 2875 cui
993 2811 1104 2896 primo
1125 2810 1322 2891 subiicitur,
1347 2810 1506 2875 substau-

297 2946 342 3009 20
363 2933 490 2999 tialem.
509 2934 547 2999 Si
567 2956 648 3020 ergo
666 2957 777 3020 neque
790 2935 1031 3021 quantitatem,
1043 2958 1154 3020 neque
1168 2934 1381 3020 qualitatem,
1395 2958 1505 3022 neque

363 3058 594 3143 quidditatem
612 3059 724 3125 dicere
743 3059 838 3144 licet,
863 3067 898 3124 et
919 3059 1032 3125 (licere
1055 3083 1263 3146 nequeamus
1287 3082 1357 3126 uon
1381 3061 1506 3128 entita-

362 3190 447 3266 tem,
467 3183 624 3250 iditatem
645 3182 808 3250 dicamus.

360 3306 365 3315 “
452 3307 570 3373 XXII.
596 3309 717 3394 Neque
739 3309 932 3396 perfectum
955 3309 1068 3375 dicere
1092 3331 1167 3375 eam
1192 3331 1373 3396 possumus
1395 3331 1507 3394 neque

362 3431 617 3519 imperfectum,
639 3433 719 3519 quia
740 3434 812 3499 sive
831 3433 999 3500 essentiae
1018 3435 1090 3501 sive
1109 3457 1181 3500 esse
1196 3434 1285 3498 nihil
1302 3433 1431 3520 apponi
1451 3454 1508 3519 po-

295 3568 338 3631 25
361 3565 430 3623 test
453 3558 507 3623 vel
532 3558 649 3640 debet;
674 3580 744 3624 non
770 3565 821 3624 est
843 3559 1011 3646 perfecta,
1036 3559 1207 3645 quianon
1227 3558 1333 3642 facta,
1353 3558 1506 3645 serlper·

363 3681 418 3746 fici
436 3681 564 3748 dicitur
579 3706 642 3770 per
660 3683 832 3764 accidenS,
852 3685 932 3770 quia
952 3683 1112 3750 videlicet
1128 3707 1169 3749 ex
1186 3683 1260 3771 ipsa
1276 3683 1409 3770 aliquid
1430 3706 1506 3770 per·

362 3807 477 3873 ficitur
492 3807 574 3873 dum
592 3807 703 3873 lucem
724 3809 880 3875 incurrit.

450 3933 589 3999 XXIII.
613 3933 753 4000 Dicitur
772 3958 842 4000 una
863 3936 867 4020 l
888 3957 1044 4017 numero,
1065 3957 1134 4000 non
1154 3958 1217 4022 per
1236 3958 1340 4000 unam
1356 3936 1503 4001 formam
1529 3942 1630 4006 111v

363 4079 467 4143 quam
478 4056 605 4124 habeat
617 4058 673 4124 vel
684 4059 868 4125 essentiam
878 4060 1132 4146 particularem,
1142 4061 1223 4145 quia
1236 4067 1352 4126 actum
1361 4060 1503 4127 haberet

366 4246 533 4257 ---.-

452 4371 486 4422 10
500 4369 535 4434 af.
552 4386 583 4434 p.
606 4371 653 4431 26,
680 4372 710 4419 12
728 4386 782 4434 sqq.
848 4371 928 4422 121ss
949 4369 1071 4421 abbiamo
1096 4372 1241 4423 cancellato
1263 4372 1291 4422 in
1316 4373 1503 4439 subsequenti

361 4451 392 4502 23
408 4450 440 4501 di
450 4452 490 4516 (ε
499 4450 616 4512 dicitur)
630 4456 663 4501 aa
676 4451 713 4501 A:
727 4453 820 4516 ipsum
833 4450 928 4503 dicero
939 4452 971 4502 M
1031 4454 1063 4502 29
1079 4454 1206 4512 haberet]
1220 4453 1324 4503 habeat
1336 4455 1371 4503 Αι
