3488 5108
306 403 367 461 504
744 419 884 465 1onuan1
906 418 1009 465 narrt

305 575 407 636 solent
422 585 513 652 atque
529 586 656 655 possunt
674 587 726 638 rt.
753 580 799 655 (p.
819 582 870 658 32)
891 590 933 628 VH
949 578 1212 640 Considerandum
1228 589 1278 641 est
1294 580 1333 640 de
1350 581 1405 641 lite
1420 589 1453 642 et

305 684 438 743 amicitia
453 704 554 743 rerum
576 693 629 746 otc.
652 688 697 765 (p.
720 688 772 755 33)
792 685 921 770 -[81v]
935 722 973 731 -
989 687 1070 746 Item
1090 687 1242 764 quaedam
1269 688 1374 747 insunt
1395 687 1453 747 toti

305 792 509 870 substantiae,
523 793 671 868 quaedam
684 795 778 855 certis
796 794 1001 872 subiectisque
1019 795 1180 873 particulis
1194 804 1226 856 et
1240 797 1384 857 membris
1398 804 1453 856 etc.

306 899 351 975 (p.
370 901 421 977 39)
440 910 494 950 V¹11
512 901 772 960 Considerandum
787 911 835 962 est
850 903 879 961 in
894 903 986 961 rebus
1002 899 1216 980 inferioribus,
1235 902 1346 978 quibus
1363 922 1455 981 supe·

262 1013 282 1076 5
305 1006 437 1068 rioribus
453 1009 575 1070 subsint
591 1016 623 1070 ot
638 1020 841 1088 exponantur;
860 1008 1002 1069 diversae
1017 1010 1095 1068 enim
1111 1008 1245 1070 diversis
1259 1011 1401 1088 subsunt,
1420 1021 1455 1069 ut

306 1113 430 1175 diversa
446 1136 605 1195 corporum
620 1117 756 1176 membra
770 1116 893 1175 diversa
911 1115 1068 1192 exercitia,
1090 1117 1205 1177 diversi
1223 1136 1324 1177 mores
1345 1116 1454 1178 stellae

306 1231 397 1299 atque
413 1223 501 1300 signa
518 1223 684 1302 respiciant
704 1223 836 1283 diversa.
854 1224 896 1282 Et
911 1224 1088 1283 inductione
1105 1224 1250 1302 aperitis
1267 1224 1453 1284 astronomis

306 1337 354 1389 est
371 1329 609 1408 suscipiendum,
630 1331 680 1406 qui
695 1351 781 1405 usus,
797 1351 874 1406 quae
891 1339 986 1408 artes,
1005 1351 1083 1407 quae
1098 1331 1280 1410 particulae,
1297 1333 1349 1409 qui
1365 1332 1455 1410 spiri·

306 1445 367 1513 tus,
386 1439 438 1514 qui
455 1458 594 1516 sapores,
614 1438 665 1516 qui
682 1438 816 1516 lapides,
832 1459 910 1515 quae
928 1440 1062 1517 plantae,
1084 1459 1161 1515 quae
1179 1439 1322 1499 animalia
1342 1439 1452 1514 quibus

242 1548 284 1610 10
306 1544 438 1621 planetis
455 1553 547 1621 atque
562 1545 658 1623 signis
676 1547 859 1625 pertineant.
878 1545 1025 1606 Similiter
1042 1545 1081 1605 de
1095 1546 1345 1623 generationibus
1360 1553 1453 1623 atque

306 1650 486 1729 provinciis,
515 1653 619 1729 regnis
646 1668 737 1731 atque
765 1653 896 1732 populis.
919 1665 949 1704 12(
978 1653 1209 1714 Considerauda
1236 1653 1394 1731 signacula
1422 1663 1454 1714 et

307 1757 500 1819 characteres
511 1780 612 1820 rerum
628 1763 810 1821 naturalium
815 1782 822 1836 ;
835 1761 935 1821 fertur
946 1771 998 1822 etc.
1016 1762 1026 1839 (
1029 1784 1061 1837 p.
1074 1764 1134 1842 59).
1155 1783 1173 1822 x
1190 1759 1453 1821 Considerandum

307 1862 346 1924 de
362 1866 455 1925 rebus
471 1867 675 1944 naturalibus,
694 1869 803 1942 quibus
821 1869 999 1929 caelestium
1024 1888 1187 1946 corporum
1213 1877 1245 1928 et
1263 1868 1384 1929 omnino
1402 1887 1452 1928 su·

307 1972 458 2048 periorum
476 1973 607 2033 omnium
625 1975 757 2034 virtutes
775 1983 806 2034 et
822 1974 954 2036 influxus
972 1976 1124 2035 valentius
1149 1975 1273 2035 allicere
1295 1985 1385 2052 utrque
1410 1983 1454 2035 at-

245 2080 285 2142 ii)
308 2079 432 2139 trahere
461 2089 513 2140 erc.
542 2083 587 2158 (p.
614 2081 815 2164 dib—{w}
839 2084 909 2143 Non
936 2084 1017 2143 enim
1039 2082 1155 2143 sufficit
1175 2102 1226 2142 res
1253 2083 1283 2142 in
1304 2081 1453 2141 l'aeultate

309 2194 400 2262 atque
418 2188 556 2264 potentia
567 2189 680 2249 habere
698 2189 827 2250 virtutes
841 2191 973 2268 aliquus,
995 2191 1050 2250 sed
1072 2191 1236 2267 requiritur
1253 2198 1288 2249 ut
1308 2189 1379 2249 illae
1400 2188 1453 2249 de·

307 2293 450 2354 litescunt
466 2315 522 2373 per
540 2294 662 2370 aliquod
679 2317 789 2376 corpus
805 2305 836 2358 et
852 2296 1007 2374 accidens,
1026 2297 1106 2359 siout
1119 2297 1298 2358 contusione
1312 2297 1344 2355 in
1358 2316 1453 2372 grano

308 2400 424 2480 sinapis
446 2402 595 2461 excitatur
619 2403 735 2463 acuitas
759 2402 860 2464 latens
888 2413 940 2464 etc.
964 2417 994 2455 Χῐ
1024 2404 1253 2465 Consideranda
1278 2402 1395 2463 utilitas
1421 2411 1453 2463 et

309 2511 536 2587 opportunitas,
561 2528 639 2587 quae
661 2518 709 2570 est
733 2512 764 2571 in
785 2512 1050 2571 commixtionibus
1076 2533 1176 2573 rerum
1197 2510 1383 2572 naturalium
1400 2519 1453 2571 etc.

241 2624 286 2688 20
309 2616 354 2695 (p.
374 2618 434 2690 63).
452 2627 494 2668 ΧΗ
525 2617 787 2679 Considerandum
805 2627 854 2680 ost
872 2620 971 2678 omnia
988 2618 1163 2679 sublunaria
1180 2618 1307 2679 caelesti
1323 2617 1455 2693 quodam

310 2724 401 2783 modo
413 2744 481 2785 esse
493 2745 587 2803 supra
598 2725 700 2785 lunam
712 2734 764 2787 eto.
780 2728 825 2805 (p.
837 2729 991 2805 66·t‘9)—
1003 2725 1199 2809 [82⁷]-3111
1214 2725 1454 2803 [despiciendum

311 2839 359 2891 est
373 2832 411 2890 ad
425 2853 473 2908 ea,
488 2853 565 2908 quae
580 2831 683 2893 fucere
698 2810 892 2893 dicuntur'ad
908 2833 1063 2911 ligandum
1079 2835 1109 2893 in
1124 2853 1267 2910 amorem,
1284 2832 1385 2892 odium
1400 2841 1454 2892 etc.

310 2941 320 3013 l
325 2962 357 3016 p.
376 2939 581 3022 70)-[83‘]
602 2941 649 3000 De
668 2942 823 3001 veneficiis
845 2943 940 3001 multa
967 2942 1108 3002 videmus
1135 2941 1258 3020 prodire
1282 2953 1373 3017 atque
1400 2942 1453 2999 mi-

308 3045 415 3120 randa,
438 3046 580 3107 similiter
601 3048 640 3107 de
662 3047 814 3108 suffitibus
841 3069 895 3107 seu
922 3047 1222 3125 suffumigationibus
1243 3057 1295 3135 etc.
1325 3054 1370 3125 (p.
1393 3051 1452 3126 76).

241 3164 285 3225 ‘25
309 3165 359 3204 xlv
380 3153 613 3215 Advortendum
631 3166 679 3215 est
694 3156 785 3215 etiam
803 3176 858 3233 pro
876 3156 1012 3231 generali
1037 3154 1192 3215 suffituum
1210 3154 1454 3214 consideratione

309 3262 389 3340 quod
399 3261 548 3336 quaedam
560 3263 735 3323 referuntur·
747 3264 784 3323 ad
798 3264 901 3324 Solem
913 3271 944 3323 ot
956 3264 1075 3322 Solaria
1087 3273 1138 3323 etc.
1151 3266 1195 3340 (p.
1205 3266 1254 3343 79)
1265 3298 1304 3307 -
1315 3261 1408 3343 [83v]
1417 3297 1455 3307 -

387 3370 526 3430 XXVII.
548 3371 660 3430 Aliud
682 3392 796 3449 genus
817 3370 1020 3431 suffituum.
1038 3371 1226 3430 Referuntur
1241 3380 1402 3449 praeterea
1415 3368 1453 3428 ad

308 3479 470 3537 Saturnum
481 3479 602 3539 radices
614 3499 718 3540 ornnes
730 3479 914 3556 odoriferae,
927 3496 958 3538 ut
972 3480 1048 3538 costi
1061 3488 1091 3538 et
1102 3480 1215 3538 herbae
1227 3479 1327 3538 thuris
1339 3487 1390 3536 vlt.
1403 3477 1455 3536 De

307 3586 471 3662 furuigiis
496 3589 538 3644 12
560 3588 755 3663 signorum.
772 3589 897 3647 Habent
921 3591 954 3646 12
970 3588 1057 3662 signa
1075 3606 1147 3646 suos
1163 3584 1283 3645 suffitus
1298 3584 1452 3663 proprioS‚

241 3700 285 3763 30
308 3703 342 3754 ut
356 3695 447 3755 Aries
461 3690 615 3773 myrrham
634 3705 685 3755 etr.
705 3694 850 3774 Septem
875 3696 987 3754 electi
1010 3693 1167 3754 suffitus
1198 3702 1308 3770 atque
1330 3707 1453 3770 poten·

308 3801 445 3862 tissimi
467 3823 531 3879 pro
554 3814 696 3882 septem
717 3805 890 3882 planetis.
908 3805 1034 3881 Recipit
1050 3804 1181 3862 Her-ures
1196 3801 1332 3862 suffitum
1351 3807 1454 3879 poten-

312 4007 471 4015 ..ι-ι*
477 4008 522 4014 -..-
537 4009 677 4015 --.-----—
683 4008 1190 4015 —-.-—--.-.-.-.—.i—.——.
1200 4006 1389 4013 --0-—.-
1395 4003 1443 4011 -ι

389 4155 425 4204 lo.
434 4155 463 4204 17
473 4153 556 4202 orrclre
564 4149 610 4216 qni
622 4152 828 4203 delitescunt:
833 4154 973 4218 prodeant
984 4157 1017 4217 (u.
1028 4172 1045 4202 a
1056 4153 1144 4217 sipili,
1155 4151 1275 4218 Sipiltor.
1283 4171 1314 4218 p.
1328 4155 1385 4213 180,
1396 4154 1450 4215 21),

308 4234 414 4286 seldene
426 4235 446 4284 il
459 4234 536 4284 verbo
543 4236 618 4299 forae
631 4233 781 4298 adulterato
794 4235 838 4284 nel
850 4252 897 4284 suo
911 4235 995 4300 pineto
1010 4234 1158 4300 sipnificolo
1172 4234 1210 4284 da
1223 4233 1352 4301 ilprippu
1365 4239 1408 4298 (p.
1422 4237 1456 4283 62

310 4320 388 4366 ‘nam
402 4317 471 4366 licet
482 4331 529 4365 rea
541 4314 664 4364 virtutes
677 4315 972 4380 aliquas-naboan,
988 4321 1083 4365 tauron
1103 4317 1168 4366 illue
1186 4316 1312 4365 virtutes
1331 4323 1371 4363 ita
1388 4315 1456 4364 dcli·

310 4401 454 4447 noscentes
471 4401 552 4459 sunt,
572 4396 649 4460 quod
665 4411 729 4444 raro
748 4411 820 4461 opus
837 4397 953 4460 aliquod
967 4398 1002 4448 ab
1017 4399 1074 4448 illie
1097 4398 1149 4446 tali
1170 4397 1279 4447 virtuto
1295 4396 1455 4462 perfectum

309 4480 407 4527 uxtat’
421 4479 479 4541 eto.)
545 4477 576 4525 18
593 4477 710 4540 synapis
724 4475 757 4524 Μ
819 4477 851 4526 28
868 4478 956 4529 herba
968 4479 1098 4544 ripa-{ppo
