3488 5108
862 409 907 455 mr
925 410 1042 456 niem.
1459 395 1519 455 405

376 563 528 631 diversas
558 574 592 631 et
621 567 811 633 contrarias
834 574 1081 654 tempestatum
1114 575 1149 634 et
1183 568 1343 634 ordinum
1372 567 1517 654 disposi-

376 687 497 755 tiones
525 691 578 755 Ex
607 691 726 757 eodem
745 692 850 758 etiam
874 694 1035 776 materia,
1056 693 1086 759 si
1109 693 1246 759 credere
1275 692 1434 760 volumus
1463 691 1517 756 liis

374 815 433 898 qui
463 814 654 900 vulgariter
678 818 856 883 nominata
883 819 1051 884 elementa
1070 818 1219 884 invicem
1235 816 1516 884 transmutabilia

373 938 601 1025 suspicantur,
616 964 761 1026 quorum
777 942 938 1030 princeps
954 942 1022 1009 fuit
1038 943 1149 1025 Plato,
1162 943 1223 1029 qui
1241 942 1429 1028 aliquando
1449 965 1516 1007 una

329 1071 349 1132 ὅ
374 1064 518 1129 materia
538 1072 573 1130 et
592 1088 660 1132 uno
679 1066 849 1134 efficiente
867 1075 919 1135 est
938 1074 1121 1135 contentus
1135 1068 1179 1134 ad
1198 1068 1351 1133 omnium
1371 1066 1516 1154 produc

373 1188 514 1254 tionem.
549 1189 616 1257 Sed
647 1192 812 1278 quicquid
843 1193 888 1259 sit
919 1193 961 1259 de
989 1193 1189 1280 operatione
1220 1200 1378 1280 respectu
1411 1191 1516 1278 primi

372 1317 562 1402 operatoris
590 1324 624 1382 et
655 1318 873 1403 universalis,
901 1320 974 1385 sive
1006 1342 1113 1385 unum
1143 1319 1216 1385 sive
1239 1321 1340 1407 plura
1363 1327 1515 1384 assumat

373 1441 565 1507 materialia
584 1443 772 1530 principia,
793 1445 991 1530 quicunque
1013 1449 1065 1509 est
1085 1443 1121 1509 in
1140 1466 1265 1530 genere
1287 1444 1514 1509 secundarum

373 1589 566 1650 causarum,
587 1569 659 1635 sive
678 1569 779 1635 homo
798 1571 844 1636 sit
863 1572 935 1636 sive
953 1569 1112 1653 daemon,
1131 1581 1184 1635 est
1202 1569 1293 1655 qued
1309 1570 1408 1635 iuxta
1427 1569 1514 1634 mul·

307 1693 349 1757 10
371 1691 557 1759 titudinem
571 1700 607 1760 et
625 1695 829 1760 varietatem
844 1695 1035 1783 specierum
1050 1694 1276 1782 operabilium
1289 1702 1513 1781 recognoscat

372 1818 534 1885 materias
552 1821 683 1906 plures,
703 1820 869 1886 habentes
893 1829 1008 1886 actum
1039 1843 1098 1886 seu
1129 1820 1290 1904 formam,
1319 1842 1381 1907 per
1411 1842 1512 1905 quem

369 1945 479 2030 possit
498 1945 691 2011 subiectum
709 1945 854 2012 fundere
874 1946 1006 2032 aliquid
1025 1954 1122 2012 extra
1142 1969 1186 2013 se.

458 2090 479 2140 (s
508 2089 580 2140 Μ)
600 2072 779 2138 Virtutum
798 2095 858 2138 seu
875 2071 1064 2138 formarum
1084 2094 1143 2138 seu
1162 2071 1404 2157 accidentium,
1422 2095 1510 2158 quae

368 2197 410 2263 de
429 2199 582 2265 subiecto
597 2200 635 2264 in
651 2199 842 2265 subiectum
859 2199 1078 2282 deferuntur,
1094 2198 1182 2264 aliae
1198 2206 1280 2266 sunt
1295 2199 1511 2286 manifestae,

303 2331 346 2394 lo
369 2332 408 2391 ut
420 2348 507 2410 quae
520 2332 602 2391 sunt
616 2325 654 2390 in
666 2347 792 2411 genere
805 2324 996 2390 activarum
1011 2333 1046 2390 et
1060 2325 1276 2411 passivarum
1289 2326 1508 2412 qualitatum,

367 2458 537 2518 eteorum
557 2474 644 2537 quae
663 2452 862 2518 immediate
881 2459 1138 2538 consequuntur
1164 2475 1232 2536 eas,
1259 2463 1298 2518 ut
1321 2464 1403 2519 sunt
1422 2455 1509 2518 cale·

365 2576 479 2643 facere
504 2577 719 2663 frigefacere,
738 2577 936 2644 humectare
952 2577 1094 2659 siccare,
1112 2576 1312 2642 mellificare
1335 2577 1508 2662 indurare,

366 2725 575 2789 congregare
595 2703 814 2790 disgregare3
835 2704 925 2770 aliae
947 2710 1028 2770 sunt
1047 2703 1249 2769 occultiores
1281 2703 1378 2769 iuxta
1398 2705 1508 2771 occul·

365 2835 418 2894 tos
435 2829 540 2893 etiam
556 2828 711 2911 effectus,
725 2837 765 2894 ut
781 2828 971 2895 exhilarare
989 2828 1200 2910 contristari,
1213 2828 1407 2915 appetitum
1428 2830 1432 2916 Ι
1452 2831 1508 2896 vel
1533 2828 1649 2893 orM

298 2959 343 3023 20
366 2953 518 3019 taedium
538 2954 740 3038 immittere,
760 2955 919 3020 timorem
938 2962 973 3020 et
991 2954 1184 3036 audaciam,
1208 2965 1248 3019 ut
1267 2961 1350 3019 sunt
1378 2955 1510 3021 motiva

364 3078 408 3143 ab
427 3079 630 3145 extrinsecis
649 3080 826 3167 speciebus
845 3101 1009 3167 peropus
1029 3078 1239 3165 cogitativus
1259 3078 1295 3142 in
1315 3071 1453 3144 homine
1473 3088 1508 3144 et

363 3203 601 3271 aestimativae
622 3205 658 3270 iu
678 3204 788 3271 brutis
819 3205 1011 3292 appellant,
1042 3204 1167 3290 quibus
1189 3226 1275 3290 puer
1299 3227 1358 3269 seu
1387 3203 1505 3269 infans

362 3328 436 3394 viso
467 3339 625 3417 serpente
654 3338 689 3395 et
718 3328 793 3395 ovis
822 3330 897 3396 viso
925 3331 1007 3418 lupo
1034 3330 1164 3416 absque
1193 3328 1261 3394 alia
1293 3329 1506 3417 experientia

363 3453 515 3540 concipit
547 3454 734 3541 imaginem
765 3454 969 3522 inimicitiae
1004 3478 1063 3521 seu
1093 3455 1253 3521 timorem
1293 3453 1413 3521 mortis
1447 3477 1507 3521 seu

295 3581 338 3646 25
362 3578 606 3647 destructionis
625 3603 723 3665 suae,
745 3601 891 3666 quorum
909 3581 997 3646 ratio
1017 3580 1166 3647 refertur
1185 3580 1385 3646 adsensum
1404 3580 1507 3647 inter·

360 3728 458 3789 num,
478 3707 537 3792 qui
558 3729 639 3771 saue
658 3729 700 3771 ex
717 3707 897 3794 speciebus
916 3707 1068 3773 externis
1092 3712 1340 3791 commovetur,
1357 3707 1506 3773 mediate

375 3895 403 3902 ,-
428 3897 431 3901 .
456 3897 531 3903 —-—-.
542 3897 741 3904 ---..-..,-.
750 3898 778 3903 ....
791 3898 885 3903 η..-
910 3898 916 3904 .
939 3898 1002 3903 ....-
1012 3898 1035 3903 -.
1045 3898 1048 3903 .
1059 3897 1064 3903 .
1073 3896 1199 3903 -.—-.-...
1209 3898 1221 3903 .-

454 3988 506 4050 3f.
530 3989 585 4047 (in)
607 3988 729 4037 invicem
800 3988 883 4051 sssqq.
904 3989 1029 4051 Agentes
1054 3992 1163 4053 quanto
1186 3987 1277 4051 magis
1297 3987 1504 4053 particulares,

362 4075 442 4118 tauto
456 4069 608 4133 multiplici
627 4070 719 4132 magis
794 4067 957 4131 (materiati
973 4083 1024 4116 seu
1042 4082 1197 4119 numerosa
1211 4083 1283 4134 opus
1300 4069 1425 4132 habent3
1445 4072 1508 4121 uni·

361 4152 487 4200 versales
504 4166 550 4199 res
567 4150 752 4212 paucioribus
769 4150 919 4214 principiis
938 4149 1153 4213 materialibus,
1169 4150 1434 4200 universalissimae
1450 4166 1507 4200 una

360 4246 448 4294 eaque
465 4231 498 4295 (t)
514 4231 726 4293 simplicissima
745 4233 878 4295 materia,
894 4245 966 4294 quae
988 4235 1033 4279 est
1054 4232 1116 4295 ipss
1132 4230 1311 4294 possibilitas
1326 4230 1356 4280 in
1371 4247 1458 4295 usurp.
1476 4230 1509 4280 M

362 4315 387 4360 ll
406 4309 517 4360 innanzi
527 4328 545 4359 a
556 4312 690 4361 materias
701 4313 820 4361 cancella
833 4316 941 4374 quattro
952 4326 967 4360 ο
978 4309 1071 4374 sinque
1089 4311 1179 4360 lettere
1191 4311 1223 4360 Μ
1284 4313 1316 4362 22
1332 4311 1401 4376 dopo
1412 4312 1505 4361 brutis

359 4393 424 4440 surii
443 4392 479 4441 da
492 4408 602 4457 sequare
617 4409 672 4442 sana
687 4393 799 4451 ἱασιιηα,
814 4391 921 4455 quaudo
932 4408 985 4441 nou
999 4390 1023 4441 si
1039 4391 1134 4443 votem
1145 4392 1296 4442 casiccltcre
1309 4398 1379 4442 sunt
1389 4391 1418 4439 al
1432 4409 1456 4441 v.
1471 4393 1506 4441 20

358 4475 389 4521 m
402 4490 455 4536 sqq.
474 4474 508 4534 cf.
522 4491 539 4522 a
555 4471 817 4538 sipill.sipillor.1›.
838 4474 894 4533 168,
911 4476 928 4522 2
