3488 5108
609 424 739 468 niueis
759 422 918 470 caisinos
939 423 1144 469 ersrvnavn.
1409 411 1447 469 81
1510 387 1518 395 ’

306 581 417 668 magis
437 586 472 646 et
491 579 618 663 minus;
639 579 700 645 illa
720 578 874 644 formalis
895 577 984 645 ratio
1004 579 1113 644 estin
1134 579 1294 647 omnibus
1313 581 1449 668 praedi·

304 705 485 790 cementis,
511 704 595 771 haec
619 710 737 771 autem
756 705 794 771 in
812 704 885 770 eolo
910 703 1089 790 qualitatis
1108 703 1388 791 praedicamento
1414 712 1449 773 et

303 856 365 922 per
384 856 428 899 se.

393 959 513 1025 XXII.
540 959 638 1038 Quod
662 960 818 1026 Vulcano
842 960 993 1047 praesidi
1016 962 1164 1029 subsunt
1187 959 1355 1049 Cyclopes
1379 967 1449 1026 tres

259 1086 281 1149 5
304 1091 338 1150 et
356 1081 568 1173 Cyclopibus
587 1085 646 1150 alii
666 1085 889 1170 famulantes,
909 1086 1110 1175 significant
1123 1087 1298 1176 triplicem
1317 1085 1449 1153 formae

303 1211 482 1296 ratIonem,
497 1234 586 1298 quae
598 1212 758 1278 consistit
768 1213 805 1278 in
820 1213 1024 1280 excellentia
1039 1214 1141 1280 unius
1158 1214 1300 1280 formati
1315 1214 1372 1280 vel
1382 1214 1450 1280 for·

303 1360 380 1403 mae
398 1338 591 1425 superclio,
605 1338 806 1425 inpuritate
825 1338 1013 1407 formarum
1028 1341 1066 1406 in
1081 1340 1200 1407 eodem
1216 1340 1328 1408 scalae
1337 1340 1448 1426 gradu

304 1464 583 1547 consistentium,
613 1470 648 1529 et
675 1459 739 1557 (in)
769 1464 979 1551 indignitate
1009 1464 1199 1532 formarum
1229 1464 1446 1548 inferiorum;

304 1599 476 1676 quatenus
496 1591 600 1656 etiam
620 1590 809 1657 formarum
834 1592 902 1657 alia
926 1599 978 1658 est
1001 1592 1241 1659 substantialis
1265 1600 1300 1659 et
1318 1592 1446 1680 prima,

239 1718 281 1782 10
305 1717 393 1782 aliae
425 1724 507 1783 sunt
535 1718 765 1785 accidentales
793 1726 827 1784 et
857 1719 1018 1804 ultimae,
1043 1719 1130 1786 aliae
1155 1732 1238 1786 sunt
1260 1719 1448 1802 mediae5a

302 1842 416 1930 prima
443 1843 555 1910 forma
587 1844 831 1912 denominatur
864 1845 1008 1932 species,
1039 1869 1059 1911 a
1088 1845 1236 1911 secunda
1266 1845 1448 1934 proprium

305 1969 394 2053 quod
414 1969 614 2037 immediato
638 1978 799 2037 naturam
823 1972 951 2059 speciei
975 1971 1213 2056 consequitur,
1234 1993 1253 2035 a
1274 1970 1379 2037 tertia
1397 1993 1450 2037 ao·

304 2095 421 2162 cidens
441 2117 637 2181 commune,
659 2096 750 2182 quod
768 2097 880 2184 logice
904 2098 1022 2163 adesse
1046 2103 1161 2184 potest
1183 2096 1239 2163 vel
1262 2097 1380 2181 abesse
1404 2096 1449 2162 ci-

303 2229 357 2289 tra
376 2247 449 2289 esse
469 2224 616 2290 subiecti
634 2223 895 2312 praeiudicium.

239 2344 280 2409 15
394 2349 534 2415 XXIII.
561 2350 659 2428 Quod
678 2350 770 2416 ultra
790 2350 963 2417 officinam
980 2351 1129 2417 Vulcani
1153 2357 1205 2416 eet
1229 2351 1367 2417 officina
1385 2351 1450 2417 Ve-

303 2473 395 2541 neris
424 2475 582 2560 coniugis
612 2484 647 2541 et
675 2475 860 2563 Cupidinis
890 2477 993 2563 longe
1023 2475 1160 2542 diversa
1193 2481 1245 2560 (ut
1267 2476 1361 2543 enirn
1389 2475 1448 2542 illa

303 2599 456 2683 sordida,
477 2601 681 2688 caliginosa,
714 2601 904 2688 fuliginosa
934 2611 968 2668 et
999 2602 1158 2685 obscura,
1189 2603 1273 2669 haec
1297 2602 1390 2669 clara
1414 2608 1450 2669 et

304 2729 480 2813 illustris),
501 2729 632 2795 formae
651 2729 942 2816 significationem
966 2735 1078 2815 notat,
1099 2752 1185 2815 quae
1210 2729 1449 2795 diversitatem

304 2878 470 2941 generum
489 2877 559 2921 non
579 2856 894 2921 subalternatorum
919 2878 1030 2942 neque
1055 2855 1379 2921 subalternabilium
1398 2856 1449 2920 in·

235 2979 280 3042 20
303 2982 411 3065 dicat,
427 3005 513 3068 quae
528 2982 667 3069 proprie
686 2982 822 3049 diversa
841 2982 1004 3048 dicuntur
1014 3006 1021 3065 3
1041 3004 1108 3068 qua
1124 2983 1258 3048 ratione
1274 2981 1448 3049 diversum

304 3118 355 3178 est
373 3133 483 3198 genus
503 3111 707 3193 substantia,
729 3111 904 3176 diversum
925 3111 1114 3195 quantitas.

392 3238 526 3304 XXIV.
542 3239 585 3304 In
600 3239 733 3305 Venere
752 3246 786 3304 et
804 3237 976 3325 Cupidine
993 3237 1208 3303 differentiae
1225 3238 1448 3325 significatio-

304 3389 383 3431 nem
402 3366 439 3431 in
458 3366 576 3431 eodem
595 3389 721 3452 genero
741 3366 1029 3452 contemplamur3
1046 3363 1242 3430 differentia
1263 3366 1355 3430 enlm
1375 3389 1446 3431 non

303 3492 430 3558 dicitur
450 3492 574 3558 nisiin
594 3492 648 3557 his
669 3500 856 3578 quaesunt
880 3492 917 3556 in
941 3490 1058 3556 codem
1082 3513 1207 3577 genere
1231 3500 1265 3556 et
1290 3513 1377 3576 quae
1401 3491 1445 3556 ab

236 3615 280 3679 25
304 3618 422 3684 cadem
450 3618 622 3686 divisione
645 3619 850 3685 universalis
873 3618 1156 3706 proficiscuntur5
1185 3617 1276 3683 unde
1300 3624 1353 3683 est
1383 3617 1449 3683 dif-

305 3745 452 3811 ferentia
472 3748 543 3831 [est]
569 3745 661 3810 inter
683 3744 864 3811 dividuum
888 3752 923 3810 et
946 3745 1127 3810 dividuum
1146 3735 1209 3810 s'ub
1235 3744 1354 3810 eadem
1373 3765 1445 3830 spe·

305 3873 369 3955 cie,
391 3873 481 3938 inter
508 3874 656 3959 speciem
690 3881 725 3937 et
752 3873 899 3960 speciem
937 3872 1000 3937 sub
1034 3872 1152 3937 eodem
1183 3895 1321 3959 genere;
1354 3872 1447 3937 inter

303 4022 412 4086 genus
437 4008 552 4064 autem
581 4007 615 4063 et
645 4021 754 4085 genus
785 3999 848 4064 sub
880 3998 999 4064 eodem
1025 3998 1200 4063 communi
1230 3998 1381 4079 nomine,
1406 4003 1446 4062 ut

394 4338 410 4386 2
426 4337 457 4386 in
469 4335 531 4385 solo
545 4338 599 4399 (mo
611 4335 672 4384 sola
686 4334 729 4394 ill)
745 4333 782 4384 A:
797 4334 858 4385 sola
871 4334 900 4384 in
913 4333 944 4383 Μ
994 4336 1009 4385 7
1025 4334 1190 4398 imparitate
1208 4332 1230 4382 rl
1244 4349 1257 4382 c
1266 4330 1361 4395 primo
1374 4332 1446 4384 della

303 4415 453 4467 correzione
475 4416 507 4465 M
567 4415 637 4466 din
660 4432 707 4466 orn.
730 4415 787 4464 An
857 4415 1058 4479 indignitatem
1078 4415 1102 4463 A
1175 4415 1206 4463 la
1228 4411 1392 4464 immediate
1416 4414 1448 4464 Μ

301 4491 629 4561 24nisiin125hiszl¹
693 4495 893 4547 2destonr..l!
950 4499 976 4559 s.
989 4495 1170 4546 individuum
1183 4492 1427 4546 otindividuum?

436 4593 512 4631 Binum
530 4594 585 4639 opp.
597 4593 638 4628 lire.
651 4590 693 4629 111.
1263 4591 1284 4630 11
