3488 5108
754 409 915 455 nunionis
937 388 1111 455 amoram.
1443 388 1503 448 589

358 586 438 630 vero
457 586 638 630 erroneum
656 571 691 629 et
710 565 822 631 aliena
852 565 890 630 in
918 566 1062 653 patria),
1083 565 1159 631 ideo
1180 563 1212 628 G
1231 563 1448 647 dominatur,
1473 562 1503 625 Ε

357 689 480 773 servit,
500 687 559 754 sed
575 711 645 755 non
665 689 861 755 admodum.

448 821 467 899 ξ
491 815 569 880 VII.
593 814 637 880 In
656 814 756 880 domo
775 813 838 879 BD
867 822 919 881 est
937 815 1131 902 aequalitas
1157 813 1414 881 contrarietatis
1442 835 1503 899 per

359 940 434 1023 cal,
454 938 549 1026 frig,
569 938 698 1006 humid.
719 949 754 1004 et
772 941 847 1022 sic,
868 948 903 1006 et
921 961 983 1028 per
1002 941 1033 1006 D
1050 939 1164 1006 tendit
1182 940 1226 1006 ad
1241 946 1402 1005 naturam
1424 926 1501 1021 (dm,

314 1080 335 1141 5
358 1071 411 1129 est
434 1065 466 1129 D
485 1065 657 1144 dominus,
676 1064 802 1131 Bvero
821 1088 953 1148 servus,
965 1065 1099 1131 ratione
1119 1062 1315 1131 nobilitatis
1334 1061 1503 1148 regionia;

358 1189 518 1256 dominus
548 1197 666 1257 tamen
697 1196 732 1255 et
762 1213 880 1257 servus
907 1213 979 1256 non
1010 1199 1094 1257 sunt
1123 1189 1308 1256 admodum
1339 1187 1504 1254 contrarii

358 1320 500 1401 propter
519 1315 765 1400 aequalitatem
784 1337 888 1402 supra
907 1314 1020 1380 dietae
1036 1310 1303 1381 contrarietatis.

449 1445 469 1522 ξ
492 1440 589 1505 VIII.
613 1440 656 1506 In
674 1440 775 1506 domo
789 1440 854 1505 HF
871 1447 923 1506 est
939 1438 1093 1538 aequalis
1113 1439 1339 1506 contrarietas
1355 1459 1415 1525 per
1431 1436 1503 1522 cal,
1621 1474 1625 1482 ·

359 1561 455 1651 frig„
475 1564 568 1630 hum.
588 1571 622 1631 et
641 1565 714 1649 eie,
744 1565 803 1631 sed
836 1565 918 1650 quia
936 1565 981 1629 H'
995 1572 1047 1630 est
1077 1564 1119 1630 de
1147 1571 1272 1631 natura
1289 1551 1337 1644 θ
1356 1562 1433 1648 (hoc
1452 1568 1504 1627 est

295 1709 338 1772 10
359 1689 426 1754 fixe
444 1688 577 1755 humidi
597 1697 632 1756 et
651 1689 784 1776 frigidi)
803 1697 838 1755 et
855 1687 885 1754 F
907 1679 974 1767 (ἰὼ
993 1690 1070 1774 (hoc
1093 1696 1145 1755 est
1169 1688 1344 1755 mobiliter
1363 1693 1398 1752 et
1416 1709 1503 1773 vage

360 1814 509 1881 calidum
535 1823 570 1881 et
588 1817 743 1898 siccum),
759 1814 837 1881 ideo
864 1815 899 1879 H
926 1822 978 1880 est
1004 1814 1164 1880 dominus
1183 1821 1219 1879 et
1243 1813 1272 1877 F
1298 1835 1435 1895 servus,
1450 1834 1503 1878 ra·

359 1940 454 2005 tione
472 1940 668 2007 nobilitatis
692 1940 844 2027 regionis
875 1946 947 2020 (seu
967 1939 1172 2006 mobilitatis
1190 1938 1228 2003 in
1255 1938 1425 2024 regione),
1445 1935 1503 2002 sed

361 2066 508 2132 servitus
527 2088 597 2130 non
616 2074 668 2131 est
687 2088 828 2151 inagna,
854 2065 935 2150 quia
964 2074 1017 2130 est
1045 2087 1107 2150 per
1125 2063 1259 2151 patriae
1278 2061 1504 2150 privilegium

360 2196 507 2257 tantum.

835 2430 934 2497 oAP.
959 2430 1037 2497 VII.

449 2672 602 2750 Quinta
630 2672 849 2738 circulatio
877 2673 1087 2760 regionum
1115 2680 1155 2738 et
1184 2672 1391 2740 domorum
1420 2697 1507 2761 par-

360 2800 432 2864 tim
456 2798 638 2884 aequalis
667 2804 706 2863 et
728 2798 881 2885 partim
910 2798 1144 2883 inaequalis
1177 2798 1503 2864 contrarietatis.

362 2965 402 2973 -
416 2924 546 2989 Domus
570 2923 712 3008 quintae
742 2922 979 2989 simulationis
997 2930 1090 2988 'eunt
1112 2921 1192 3005 AG,
1219 2923 1296 3007 ΕΒ,
1320 2924 1403 3006 BH,
1428 2923 1505 3007 ΕΑ,

360 3050 434 3132 OE,
456 3047 536 3130 GB,
556 3048 635 3131 DF,
655 3048 727 3113 ΗΟ.

294 3176 338 3237 20
451 3180 470 3258 ξ
494 3174 520 3237 Ι.
547 3173 587 3237 In
607 3173 707 3239 domo
727 3172 793 3237 AG
808 3179 861 3238 est
877 3171 1029 3257 aequalis
1046 3171 1271 3237 contrarietas
1286 3195 1348 3259 per
1364 3171 1506 3254 humid.,

360 3299 434 3380 sic,
450 3297 549 3363 oelid.
567 3306 601 3363 et
617 3298 751 3383 frigid,
768 3298 827 3363 sed
845 3297 926 3383 quia
941 3297 974 3361 A
990 3305 1042 3362 est
1058 3297 1094 3361 in
1115 3320 1176 3362 sua
1196 3298 1337 3383 regione
1353 3297 1507 3362 nobilius

361 3447 464 3510 quarn
482 3424 526 3503 G,
544 3423 622 3489 ideo
634 3422 667 3488 A
680 3430 732 3488 est
750 3421 1111 3507 dominus‚(}serv11s‚
1128 3429 1329 3491 nontamen
1346 3424 1505 3488 multum.

449 3557 468 3633 ξ
493 3548 538 3612 ΙΙ.
562 3549 605 3614 In
624 3547 725 3615 domo
741 3548 803 3614 ΕΙ)
823 3547 853 3613 Ε
872 3555 924 3613 est
943 3544 1103 3612 dominus
1123 3569 1184 3633 per
1203 3569 1300 3613 suam
1318 3546 1506 3612 humidita-

361 3684 444 3760 tem,
463 3676 493 3739 D
511 3696 592 3739 vero
608 3696 726 3739 servus
741 3695 803 3761 per
819 3672 1093 3761 appropriatam
1112 3671 1270 3737 caliditas
1287 3677 1339 3737 est
1355 3670 1504 3754 dominc,

294 3807 337 3869 25
359 3801 536 3889 frigiditas
555 3798 694 3890 ancilla,
714 3799 809 3865 utin
829 3797 934 3863 tertia
952 3797 1176 3863 circulatione
1196 3796 1408 3864 dictumest.

451 3934 470 4010 ξ
500 3926 565 3991 ΙΠ.
594 3926 637 3991 In
664 3924 763 3991 domo
794 3924 860 3989 ΒΗ
887 3932 939 3989 est
971 3902 1141 4009 aequalis·
1155 3929 1301 3989 contrar.
1334 3944 1396 4009 per
1427 3920 1504 4003 cal,

362 4053 506 4136 humid.,
524 4052 606 4138 frig.
624 4059 659 4116 et
677 4051 745 4133 sic,
766 4056 805 4114 ut
823 4047 861 4114 in
879 4048 983 4114 tertia
1003 4047 1227 4113 circulatione
1247 4054 1298 4111 est
1318 4053 1504 4112 ostensum.

454 4322 470 4369 4
486 4334 536 4384 per
549 4318 638 4367 einr:
646 4318 724 4380 sorae
738 4313 827 4379 quia?
891 4312 921 4362 10
938 4312 1011 4362 fixab
1024 4310 1067 4372 Μ,
1083 4309 1147 4359 douc
1164 4309 1272 4360 humidi
1291 4317 1319 4358 et
1336 4304 1434 4369 frigidi
1452 4302 1505 4354 tin

363 4416 449 4465 nrary.
472 4417 519 4447 corr
539 4397 670 4447 rictiovaro
734 4396 764 4444 12
781 4397 844 4458 (aen
861 4391 1032 4442 mobilitatis
1049 4394 1078 4441 in
1095 4389 1224 4455 regione)
1242 4404 1290 4438 om.
1307 4387 1348 4438 Br
1412 4386 1443 4435 18
1460 4401 1506 4452 pa·

365 4483 449 4532 triam
462 4480 571 4546 patriae
584 4477 615 4527 Μ
621 4481 628 4512 ¹
