3488 5108
851 379 896 423 nu
916 379 1031 424 nnius.
1452 365 1510 423 437

459 549 479 598 (r
495 549 546 590 xiv
563 555 586 591 a
599 551 668 602 xxu
691 531 768 598 VII.
794 533 940 599 Animae
963 533 1142 598 hominum
1161 540 1402 619 tyrannorum,
1422 534 1515 621 prin·

368 655 484 743 cipum
502 666 537 724 et
556 681 674 727 eorum
693 661 753 746 qui
777 661 894 746 aliqua
911 659 1110 726 celebritate
1129 660 1283 747 insignes
1303 661 1511 745 extiterunt,

368 781 459 847 unde
477 782 515 848 in
535 785 679 851 numina
697 809 844 852 evasere.

456 928 476 979 (a
493 928 540 980 xv)
566 910 662 977 VIII.
696 911 825 978 Divina
867 912 1009 979 nomina
1043 918 1078 977 ct
1111 910 1308 977 divinorum
1351 911 1511 978 ordinum

324 1035 520 1101 bnomina.

456 1181 476 1232 (s
492 1179 552 1231 xvi)
574 1160 638 1226 IX.
663 1160 885 1227 Characteres
903 1169 938 1227 et
957 1161 1081 1249 sigilla.

457 1306 477 1357 (s
493 1305 565 1356 xvu)
589 1287 635 1352 X.
656 1286 924 1370 Obtestationes,
945 1286 1212 1370 coniurationes,
1230 1308 1318 1371 quae
1336 1287 1427 1352 fiunt
1442 1289 1511 1353 vir-

367 1417 442 1476 tute
460 1412 677 1499 superiorum
695 1412 733 1477 in
751 1411 933 1496 inferiora,
954 1419 994 1478 ut
1013 1412 1074 1498 qui
1101 1435 1163 1499 per
1191 1412 1300 1477 bonos
1329 1411 1512 1478 daemones

367 1536 475 1601 malos
494 1536 657 1620 eiioiunt,
677 1537 738 1602 elii
765 1560 827 1625 per
857 1537 1063 1624 superiores,
1084 1537 1192 1602 malos
1210 1536 1402 1603 inferiores.
1422 1537 1509 1602 Item

303 1667 345 1730 10
369 1661 569 1728 alliciuntur
586 1685 649 1750 per
667 1663 848 1747 sacrificia,
867 1663 1083 1747 holocausta,
1105 1669 1279 1728 terrentur
1298 1684 1360 1749 per
1379 1664 1510 1747 minae,

367 1794 599 1873 provocantur
617 1810 679 1875 per
698 1788 845 1854 virtutes
864 1787 1040 1854 radiorum
1058 1792 1092 1853 et
1111 1787 1317 1853 influxuum.

455 1933 475 1982 (s
491 1931 575 1979 xvun
597 1913 661 1977 XI.
686 1915 752 1978 Per
772 1912 919 2000 triplicis
938 1911 1059 1978 mundi
1078 1911 1258 1979 virtutem:
1275 1912 1508 1996 elementaris,

367 2037 523 2102 caelestis
542 2043 576 2101 et
594 2037 850 2103 Intellectualis.

455 2183 474 2233 (s
490 2184 550 2234 xix>
570 2163 652 2229 XII.
677 2164 867 2251 Dispositio
886 2163 1038 2251 petentis
1062 2163 1152 2229 bona
1176 2161 1332 2244 abonis,
1351 2163 1509 2248 castitas,

301 2290 343 2354 15
365 2289 542 2373 honestas,
560 2289 738 2378 purgatiO,
758 2289 979 2355 abstinentia.

455 2434 475 2484 o
496 2435 543 2487 xx)
566 2415 667 2481 XIII.
693 2417 781 2480 Item
804 2414 951 2480 adiectio
983 2416 1138 2481 cultuum
1162 2422 1197 2482 et
1226 2439 1341 2484 rerum
1369 2423 1509 2482 natura·

365 2543 466 2625 lium,
488 2542 670 2628 inquibus
701 2543 811 2606 latent
841 2541 985 2628 spiritus
1013 2541 1049 2606 hi
1070 2541 1130 2627 qui
1157 2542 1354 2629 analogiam
1377 2541 1507 2608 habent

363 2668 407 2733 ad
426 2690 482 2733 eos
502 2690 648 2752 quorum
667 2690 771 2754 opera
789 2667 1047 2753 perquiruntur.

451 2812 524 2863 (rusa
539 2813 591 2853 xxi
607 2812 627 2865 a
653 2793 751 2859 XIV.
786 2792 952 2859 Rationes
987 2793 1142 2859 cultuum
1173 2791 1360 2859 secundum
1390 2815 1507 2859 eorum

297 2932 341 2995 20
363 2920 586 2986 differentiae.

451 3061 471 3112 (s
487 3064 560 3114 xxn)
581 3044 980 3111 §inconsecrationem
999 3043 1051 3110 vis
1071 3066 1112 3110 ex
1130 3051 1230 3131 parte
1254 3044 1505 3128 conservantis,

362 3180 520 3256 exparte
539 3169 707 3235 orationis
726 3178 760 3234 et
780 3192 821 3233 ex
840 3176 939 3255 parte
958 3169 1055 3234 ritus.

453 3312 473 3362 (s
489 3314 574 3366 xx111)
597 3294 693 3360 XVI.
719 3294 916 3377 Feriarum,
939 3294 1145 3360 infestorum
1175 3303 1209 3360 et
1240 3295 1407 3360 fastorum
1436 3294 1506 3359 uie-

361 3442 437 3485 rum
461 3427 495 3485 et
513 3420 676 3485 horarum
693 3419 855 3506 cognitio.

293 3559 336 3623 25
450 3564 470 3612 (s
489 3564 601 3603 xxiva
623 3564 716 3615 xxvu)
747 3546 862 3611 XVII.
902 3545 1156 3631 Religiosarum
1200 3544 1503 3625 observationum,
1530 3559 1620 3621 69v
1639 3560 1675 3623 ο

360 3693 448 3755 quae
471 3670 663 3736 consistant
687 3671 724 3735 in
748 3671 902 3757 puritate
926 3670 1092 3754 iocorum,
1116 3669 1320 3751 lotionibus,
1342 3667 1506 3734 contacti·

359 3795 436 3879 bue,
454 3797 746 3883 suspensionibus,
766 3797 991 3878 indumentis
1012 3797 1183 3884 funiigiis,
1197 3795 1389 3880 sacrificiis,
1408 3796 1506 3862 iuxta

359 3944 474 3988 rerum
493 3928 528 3986 ct
547 3922 736 3988 mediorum
755 3921 980 3987 differentiae.

447 4064 467 4113 (r
487 4065 579 4117 xxva)
607 4047 740 4113 XVIII.
760 4047 959 4135 Applicatio
988 4048 1181 4113 activorum
1211 4053 1245 4111 et
1275 4046 1504 4133 passivorum,

450 4356 648 4407 GCaracteros
668 4354 720 4406 OM
782 4355 1114 4420 repercussionis:
1138 4353 1357 4422 potentisMNJ
1417 4350 1508 4402 23in-

359 4438 510 4497 fastorum]
527 4443 556 4488 ot
574 4454 590 4484 a
606 4454 621 4484 s
636 4454 652 4483 a
668 4453 683 4483 s
698 4443 809 4487 storum
823 4436 854 4486 it
861 4441 866 4472 ¹
