3488 5108
289 381 349 441 406
728 395 867 443 rounam
888 396 990 441 envri

238 587 239 590 ¹
290 564 417 620 tamen.
443 554 576 619 Natura
595 553 687 619 enim
706 560 745 619 ut
764 553 860 619 dedit
878 576 950 620 esse
966 553 1144 641 speciebus
1157 604 1164 638 ,
1179 553 1264 620 item
1279 559 1314 620 et
1329 577 1432 641 appe·

291 681 396 747 titum
414 679 602 764 unicuique
624 679 675 745 rei
698 679 924 747 conservandi
947 703 984 746 se
1003 681 1040 747 in
1058 680 1233 768 praesenti
1251 687 1358 766 stetu,
1379 679 1431 746 ita

291 807 395 872 etiam
414 804 589 893 impressit
620 804 796 871 internum
825 805 997 890 quendam
1019 805 1192 894 spiritum,
1214 829 1273 871 seu
1292 828 1432 872 sensum

290 933 359 997 dici
389 932 512 1015 mavis,
541 933 644 999 rebus
672 932 845 1017 omnibus,
875 956 944 1020 quo
964 934 1112 1000 maxime
1131 933 1273 1000 inimica
1289 956 1331 999 ex
1350 955 1434 1019 qua-

246 1058 267 1120 5
291 1058 371 1124 dem
390 1057 680 1145 superscriptione
693 1066 903 1145 cognoscant
916 1067 950 1125 et
960 1057 1113 1146 fugiant,
1129 1058 1220 1145 quod
1236 1080 1307 1124 non
1322 1057 1435 1124 solum

289 1185 328 1251 in
361 1185 621 1273 exemplificatis
655 1186 833 1273 speciebus
864 1210 936 1252 esse
969 1185 1141 1269 videmus,
1173 1185 1232 1252 sed
1262 1185 1368 1252 etiem
1396 1185 1434 1251 in

291 1312 450 1377 omnibus
470 1334 575 1398 quae,
592 1319 747 1377 emortua
766 1319 800 1376 et
816 1334 938 1377 manca
957 1334 1030 1377 esse
1048 1311 1225 1397 videntur,
1246 1311 1284 1376 in
1307 1311 1433 1397 quibus

291 1436 518 1502 nihilominus
537 1437 628 1502 inest
647 1437 791 1523 spiritus
810 1443 1026 1524 praesentem
1057 1437 1206 1524 speciem
1233 1460 1436 1505 conservare

292 1563 535 1650 concupiscens
552 1585 615 1650 pro
634 1562 769 1628 viribus
789 1563 965 1646 omnibus,
989 1562 1103 1650 ipsum
1127 1563 1164 1628 in
1183 1564 1294 1650 guttis
1314 1563 1437 1629 caden-

229 1689 269 1754 10
291 1688 398 1772 tibus,
420 1690 425 1774 Ι
446 1711 546 1774 quae,
565 1711 609 1753 ne
628 1687 798 1771 decidant,
819 1688 1085 1775 conglobantur,
1103 1696 1137 1754 et
1154 1690 1192 1754 in
1210 1688 1368 1774 hisquae
1387 1712 1437 1755 ce·
1463 1683 1562 1748 60v
1576 1684 1614 1749 0

292 1813 462 1899 ciderunt,
489 1836 589 1898 quae,
620 1835 663 1878 ne
688 1812 849 1879 diffluant
872 1821 906 1879 et
929 1813 1190 1901 dispergantur,
1212 1813 1256 1880 ad
1280 1819 1436 1880 centrum

291 1937 498 2003 adnituntur
514 1945 548 2002 et
568 1938 612 2004 ad
629 1938 772 2024 globum
791 1962 827 2004 se
845 1938 915 2004 suis
935 1938 1094 2027 partibus
1112 1938 1237 2005 fulcire
1254 1939 1437 2024 nituntur,

293 2064 432 2129 iteruin
451 2064 560 2151 paleis
583 2086 642 2130 seu
665 2063 807 2131 festucis
825 2064 864 2129 in
887 2065 1005 2152 ignem
1035 2065 1172 2132 iniectis
1202 2072 1236 2132 et
1264 2065 1436 2154 pelliculis

293 2212 351 2255 seu
370 2189 586 2273 membranis,
604 2213 692 2276 quae
708 2190 907 2256 subsultent
927 2197 962 2256 et
979 2191 1231 2276 quodammodo
1247 2191 1437 2279 corruptio·

231 2323 269 2386 lb
294 2339 372 2381 nem
389 2339 485 2381 suam
504 2316 694 2403 refugiunt.
715 2317 783 2383 Hic
799 2341 918 2384 sensus
932 2318 1073 2403 quidem
1090 2325 1142 2384 est
1157 2319 1195 2383 in
1211 2318 1313 2385 rebus
1328 2318 1438 2384 omni·

294 2442 358 2507 bus
377 2441 517 2527 quidem
536 2442 662 2508 insitus
679 2450 714 2507 et
732 2442 821 2528 vita,
835 2465 938 2528 quem
956 2466 1019 2530 pro
1038 2466 1133 2508 more
1148 2444 1247 2530 vulgi
1266 2466 1336 2510 non
1355 2442 1438 2508 dici·

295 2589 371 2631 mus
383 2567 574 2651 animalem,
588 2567 632 2633 ad
643 2567 796 2633 enimam
808 2569 1054 2655 particularem
1065 2568 1255 2655 referende,
1266 2568 1438 2655 siquidem

295 2714 406 2779 neque
433 2692 597 2758 animalia
616 2692 703 2758 istae
722 2699 838 2780 partes
861 2702 1006 2780 possunt
1034 2693 1217 2781 appellari,
1250 2693 1287 2758 iu
1317 2694 1437 2761 ordine

294 2824 412 2881 tamen
428 2817 589 2901 universi,
607 2840 709 2904 quem
728 2818 871 2904 spiritus
888 2843 977 2885 unus
992 2820 1146 2905 undique
1161 2820 1315 2904 diffusus
1332 2830 1437 2907 etque

229 2950 273 3013 ‘20
296 2966 414 3008 sensus
431 2942 559 3028 ubique
576 2950 610 3008 et
629 2943 781 3029 undique
799 2966 863 3031 pro
879 2952 983 3032 captu
998 2945 1048 3010 rei
1067 2945 1175 3010 sentit
1193 2947 1278 3011 tales
1295 2946 1437 3012 effectus

297 3076 331 3134 ot
343 3068 528 3154 1100010100,
548 3068 584 3133 in
597 3069 698 3134 rebus
711 3069 870 3135 omnibus
887 3070 968 3135 licet
982 3070 1218 3157 contemplari.
1233 3071 1330 3136 Sicut
1345 3073 1437 3136 enirn

297 3193 413 3258 anima
429 3200 547 3259 nostra
567 3217 609 3259 ex
635 3201 708 3259 toto
729 3218 870 3282 corpore
899 3202 1011 3260 totum
1042 3220 1127 3282 opus
1156 3196 1249 3262 vitae
1278 3196 1439 3283 producit

296 3319 408 3406 primo
425 3326 460 3383 et
476 3319 730 3403 universaliter,
743 3343 823 3385 mox
838 3328 954 3385 tamen
972 3320 1130 3404 ‹pramvis
1150 3328 1224 3387 tota
1240 3329 1291 3387 est
1310 3321 1347 3386 in
1366 3330 1439 3388 toto

298 3454 332 3510 et
351 3452 425 3512 tota·
445 3446 481 3511 in
501 3447 655 3532 quelibet
673 3454 787 3533 perte,
808 3455 1013 3513 nontamen
1036 3448 1113 3514 ideo
1143 3455 1256 3514 totum
1283 3448 1368 3513 facit
1399 3472 1440 3514 ex

231 3587 274 3650 25
297 3579 370 3636 toto
388 3578 422 3637 et
445 3579 559 3637 totum
578 3595 619 3637 cx
639 3572 794 3657 qualibet
812 3579 923 3659 parte,
945 3573 1004 3638 scd
1022 3572 1107 3638 facit
1127 3573 1242 3638 videre
1261 3572 1298 3637 in
1322 3573 1438 3656 oculo,

298 3697 417 3762 audire
436 3698 473 3763 in
492 3721 587 3782 aure,
608 3706 748 3784 gustare
767 3699 805 3763 in
834 3721 891 3764 ore
913 3700 916 3787 1
938 3700 1042 3784 (quod
1062 3699 1090 3763 si
1111 3699 1239 3782 ubique
1258 3707 1346 3764 esset
1364 3722 1440 3765 ocu·
1465 3701 1544 3764 10r
1556 3703 1611 3764 Μ

297 3825 365 3910 lus,
385 3825 538 3911 undique
559 3825 702 3909 videret,
720 3826 750 3891 si
768 3824 897 3910 ubique
916 3849 1047 3911 organa
1065 3833 1178 3891 assent
1198 3826 1352 3891 omnium
1368 3849 1442 3891 sen·

392 4147 457 4196 1.15
473 4146 507 4207 cs.
523 4160 607 4208 sopra
621 4162 638 4192 a
651 4160 681 4207 p.
698 4145 758 4203 1511,
774 4145 806 4190 13
868 4143 883 4190 2
901 4141 1101 4192 conservantis
1121 4141 1173 4193 011
1234 4143 1250 4191 a
1266 4142 1368 4207 ipsum]
1388 4139 1443 4190 ciet

300 4226 443 4291 videmus,
467 4243 481 4274 ο
497 4228 576 4286 forse
597 4223 687 4274 item?
750 4225 780 4274 13
796 4224 888 4288 pateis
909 4223 931 4273 C
949 4221 983 4283 (t)
1049 4237 1100 4272 seu
1121 4223 1243 4272 festucis
1264 4219 1394 4287 appiuape
1414 4218 1443 4272 in

299 4324 386 4372 uturp.
401 4304 431 4353 M
477 4306 507 4353 16
524 4305 638 4370 quidem
653 4303 740 4354 om.O
786 4301 1235 4368 19q11em0M:sorscquoniam
1281 4303 1443 4352 *211211011-

300 4387 337 4437 111
355 4388 427 4436 tulos
444 4386 576 4450 effectus,
601 4393 629 4434 et
651 4386 801 4451 passiones
822 4384 852 4433 in
874 4383 906 4433 M
914 4401 920 4433 ι
939 4383 1043 4447 sentit,
1062 4384 1135 4432 mles
1155 4384 1288 4448 effectus,
1306 4390 1335 4433 et
1355 4389 1401 4433 etc.
1422 4383 1444 4434 0

300 4468 331 4518 23
347 4468 417 4531 dopo
429 4474 525 4517 tamen
537 4466 654 4516 cancella
667 4472 700 4516 ut
715 4471 777 4515 tote
790 4465 820 4514 Μ
