3488 5108
653 413 778 459 'faesus
799 414 844 459 nn
864 414 981 458 uuum.

749 733 889 799 XXIII.

338 983 391 1047 De
411 981 619 1047 attractione
639 1001 720 1045 vero
747 976 918 1066 magnetis
938 1000 958 1043 a
976 976 1056 1064 polo
1079 973 1196 1041 variae
1215 979 1296 1039 suut
1316 995 1391 1038 sen·

248 1109 387 1176 tentiae.
405 1109 476 1177 Nos
496 1114 626 1191 tamen,
647 1107 808 1172 omnibus
827 1106 921 1171 hisce
937 1102 1202 1192 praetermissiS‚
1223 1124 1297 1166 eam
1317 1101 1391 1166 eius

247 1237 297 1301 rei
316 1236 485 1301 rationem
506 1232 701 1321 probamus,
715 1257 801 1319 quae
820 1256 889 1299 uon
910 1241 961 1298 est
981 1233 1024 1298 ab
1045 1225 1252 1298 attractione
1269 1228 1392 1295 similis

204 1375 225 1438 5
248 1365 387 1451 speciei,
408 1387 531 1451 nempe
554 1364 646 1448 quod
670 1363 743 1426 illio
766 1361 837 1427 sint
856 1368 990 1427 montes
1013 1359 1185 1445 magnetis
1205 1359 1280 1443 (hae
1299 1357 1392 1423 enim

248 1513 350 1556 causa
369 1490 511 1556 effeetus
536 1490 602 1554 iste
623 1511 694 1554 non
714 1488 895 1573 sequitur),
915 1487 975 1554 sed
1002 1487 1200 1552 universam
1221 1484 1392 1550 rationem

248 1641 287 1683 ae
307 1617 441 1684 firmam
461 1639 502 1681 ex
523 1615 687 1681 contrarii
707 1614 792 1700 fuga
810 1636 882 1679 esse
901 1613 1084 1709 asserimus
1103 1620 1138 1678 et
1162 1611 1409 1699 antipathiam·

251 1744 424 1832 quandam
443 1766 547 1829 quam
566 1743 672 1809 habet
689 1740 731 1807 ad
752 1742 826 1808 loea
844 1741 1013 1830 opposita.

338 1965 487 2026 Rationes
507 1972 577 2025 suut
593 1965 623 2024 iu
642 1965 696 2024 230
713 1963 849 2025 articulo.

753 2268 888 2335 XXIV.

339 2531 381 2594 In
401 2531 495 2596 omni
516 2530 651 2595 actione
670 2552 729 2594 seu
749 2527 884 2614 magica
903 2550 962 2594 seu
978 2527 1122 2614 physica
1138 2550 1197 2593 seu
1214 2526 1393 2593 oaiusoun-

251 2679 316 2742 que
335 2658 471 2741 generis
491 2656 551 2721 illa
572 2655 630 2736 sit,
650 2655 719 2720 tria
737 2653 977 2739 requiruntur:
996 2653 1153 2740 potentia
1172 2653 1300 2734 aotiva,
1320 2677 1394 2740 pas-

255 2781 331 2847 siva
349 2789 383 2846 et
399 2781 515 2846 debita
534 2778 721 2866 applicatio
741 2779 883 2843 alterius
901 2767 944 2842 ad
964 2776 1117 2842 alteram.
1136 2778 1182 2842 Et
1199 2800 1240 2842 ex
1256 2778 1393 2843 deiectu

252 2907 404 2971 omnium
428 2905 573 2971 istorum
602 2903 726 2970 eccidit
752 2903 1038 2990 impedimentum
1064 2900 1251 2967 seeundum
1280 2911 1393 2968 totum

187 3038 227 3100 15
251 3031 306 3096 vel
332 3030 518 3097 seeundum
548 3037 696 3117 partem,
721 3028 924 3115 simpliciter
948 3026 1002 3093 vel
1027 3025 1214 3092 seeundum
1239 3027 1336 3111 quid,
1357 3027 1394 3092 in

252 3156 411 3221 omuibus
429 3154 725 3243 productionibus.

342 3341 598 3417 Distinguendum
620 3348 668 3400 est
688 3339 738 3400 hio
755 3339 793 3399 de
810 3339 948 3418 potentia
968 3347 1000 3399 et
1021 3339 1059 3399 de
1081 3341 1214 3417 actione,
1233 3360 1310 3417 qaae
1335 3342 1395 3401 alia

252 3455 301 3507 est
316 3449 494 3524 immanens,
514 3446 573 3505 alia
596 3446 750 3507 transiens
772 3458 829 3506 eto.
855 3448 934 3506 Item
953 3457 1001 3506 est
1019 3446 1267 3524 distinguendum
1286 3446 1324 3508 de
1341 3448 1392 3508 de·

253 3555 335 3615 foetu
363 3556 496 3616 omnium
521 3555 742 3616 considerando
769 3557 818 3616 vel
840 3557 1019 3635 simpliciter
1043 3557 1092 3617 vel
1113 3558 1278 3617 secuudum
1306 3558 1395 3634 quid;

188 3670 232 3731 20
254 3663 433 3742 simpliciter
454 3665 532 3724 euim
554 3665 605 3724 uui
627 3685 664 3724 ex
685 3676 772 3744 parte
793 3665 913 3725 illorum
935 3667 1025 3725 trium
1046 3665 1264 3743 impedimento
1282 3665 1311 3724 in
1331 3666 1392 3742 his,

253 3789 330 3845 quae
352 3771 410 3830 tria
427 3772 481 3831 illa
496 3773 669 3848 requirunt,
690 3774 695 3853 Ι
713 3774 851 3849 sequitur
865 3772 1114 3850 impedimentum
1131 3772 1276 3846 omnium;
1293 3792 1396 3832 seeun-
1421 3779 1511 3841 32*
1524 3778 1580 3840 M

256 3876 326 3936 dum
344 3877 416 3952 quid
439 3898 524 3953 vero,
544 3879 601 3937 hoc
619 3886 668 3937 est
686 3898 722 3938 ex
740 3888 826 3955 parte
842 3879 958 3955 proprii
978 3877 1130 3955 principii,
1148 3877 1396 3956 impedimentum

254 3993 357 4060 potest
373 4005 516 4045 essenon
534 4007 571 4046 ex
588 3997 675 4064 parte
693 3986 780 4044 unius
797 3985 846 4045 vel
864 3984 1000 4043 (luorum.

261 4147 622 4155 —--—-.-—--——.-..-....
900 4149 922 4154 -
1259 4149 1386 4158 --ῳ

347 4291 713 4356 teeaaprobamusiss
777 4291 1019 4344 abacuzhaeett
1050 4331 1056 4343 .
1082 4254 1287 4359 tiintrarijtl
1349 4310 1397 4345 aa·

256 4371 422 4436 tipstiemt’
483 4372 513 4421 1?
530 4372 577 4421 hic
594 4376 638 4422 est
659 4372 680 4422 0
744 4375 773 4423 18
790 4372 1036 4435 distinguendum]
1057 4374 1106 4422 def
1118 4373 1161 4422 Μι
1224 4374 1394 4429 weaimt':

261 4467 296 4504 .v.
313 4451 377 4518 (ciet
391 4463 468 4511 vero)
483 4452 515 4503 M
528 4452 577 4518 (t),
592 4452 656 4504 dot-e
670 4452 753 4502 anelis
767 4454 788 4502 le
798 4453 897 4519 parole
910 4451 1100 4521 sequentianno
1114 4451 1212 4504 incerte
1275 4455 1368 4511 unoO
