3488 5108
647 427 692 471 nn
712 425 826 470 snavu
849 426 1025 472 persciens
1048 425 1118 471 nro.
1398 414 1456 473 553

311 562 349 628 in
368 563 606 649 mineralibus,
620 565 670 631 ita
689 564 726 629 in
746 563 963 630 animalibus
976 564 1024 630 Et
1040 587 1101 629 nos
1118 563 1304 649 aliqnando
1321 564 1456 630 ordina·

310 688 424 755 vimus
454 690 599 756 istorum
626 690 758 776 hortos,
782 690 951 778 pomeria,
977 690 1105 776 sylvas,
1128 689 1294 773 officinae,
1319 690 1452 775 thecas,

311 837 388 881 oum
409 814 479 880 suis
499 814 704 881 differentiis
736 821 771 880 et
794 814 974 899 gradibus,
1008 814 1100 901 quod
1131 836 1201 879 non
1232 822 1285 880 est
1315 814 1454 881 difficile

310 941 415 1007 etiam
434 941 557 1026 cuique
577 941 773 1024 desumere,
794 941 882 1006 nihil
902 940 1009 1023 enim,
1031 947 1069 1006 ut
1093 962 1197 1028 supra
1216 940 1413 1027 innuimUS,
1434 963 1454 1006 a

265 1075 285 1136 t')
310 1067 403 1132 caelo
433 1068 706 1132 communicatur
729 1066 832 1132 rebus
856 1065 1078 1132 inferioribus
1102 1073 1136 1131 et
1165 1066 1451 1154 particularibus

309 1192 376 1258 nisi
397 1192 569 1258 mediante
591 1193 707 1278 aliquo
727 1192 870 1276 semine,
891 1192 965 1257 loco
985 1200 1019 1256 et
1042 1200 1196 1279 tempore
1216 1200 1324 1276 certo,
1345 1193 1454 1259 virtu-

308 1323 378 1382 tem
398 1317 492 1382 illam
513 1318 709 1403 generalem
723 1324 758 1382 et
770 1316 1000 1383 universalem
1018 1317 1218 1400 definiente,
1238 1319 1448 1407 applicante,

308 1443 554 1530 appropriante
578 1451 613 1508 et
638 1443 681 1509 ed
705 1443 924 1509 individuum
956 1443 1189 1511 contrahente.
1211 1443 1268 1509 Sic
1295 1464 1350 1510 res
1368 1443 1451 1510 faci·

307 1592 397 1653 mus,
418 1570 632 1657 perficimus,
659 1591 850 1652 servamus,
871 1569 966 1634 etde
994 1567 1115 1633 iisdem
1135 1591 1198 1657 pro
1222 1569 1381 1656 possibili
1401 1569 1450 1635 di-

243 1708 284 1772 10
306 1696 479 1782 vinamus,
510 1698 849 1785 praecognoscimus,
886 1705 925 1763 ut
955 1719 1025 1762 non
1059 1697 1227 1763 minorem
1260 1698 1449 1765 habeamus

305 1824 473 1889 rationem
494 1823 640 1889 subiecti
661 1823 759 1889 iuxta
778 1846 839 1889 sua
858 1822 1031 1910 principia
1050 1825 1188 1910 passiva
1207 1830 1241 1889 et
1260 1823 1447 1910 receptiva,

305 1971 409 2033 quam
426 1973 606 2016 causarum
623 1949 722 2014 iuxta
739 1947 974 2035 cognitionem
988 1948 1138 2014 activam
1151 1956 1186 2014 et
1197 1948 1447 2036 impressivam.

305 2072 403 2140 Sicut
423 2075 514 2140 enim
534 2082 633 2162 pater
652 2075 727 2141 sine
748 2083 857 2140 matre
877 2096 947 2139 non
966 2081 1124 2159 generat,
1151 2073 1200 2138 ita
1219 2075 1352 2139 caelum
1373 2075 1447 2140 sine

304 2201 449 2265 materia
485 2200 652 2288 disposita
690 2199 779 2265 nihil
812 2198 974 2287 producit
1007 2199 1044 2263 in
1083 2197 1325 2281 inferioribns;
1363 2221 1445 2285 ergo

240 2342 280 2405 15
304 2324 483 2391 distinctio
515 2326 738 2411 qualitatum,
778 2347 882 2411 quam
916 2323 1062 2390 facimus
1095 2324 1131 2389 in
1165 2324 1255 2407 istie,
1284 2323 1445 2403 minilme
1470 2343 1550 2405 51r

304 2449 458 2514 omnium
476 2450 542 2514 erit
561 2448 877 2537 praetermittenda.

307 2660 425 2667 ——-
432 2662 446 2666 -
767 2659 1438 2668 ————-———-—-—-.-—.——.—

397 2786 412 2834 5
429 2783 457 2834 in
470 2800 556 2849 arare.
571 2785 606 2834 ad
625 2786 643 2851 ὴ
662 2785 757 2849 frigid.
774 2791 803 2838 ot
817 2788 877 2849 sie,
896 2787 929 2836 ad
947 2785 979 2854 ζ)
994 2785 1090 2849 frigid.
1105 2792 1134 2835 ot
1150 2785 1268 2848 humid,
1288 2787 1323 2836 ad
1340 2787 1371 2856 (φ
1389 2788 1442 2837 cal.

304 2871 334 2914 et
348 2865 398 2916 sio.
414 2874 468 2916 otc.
483 2865 514 2915 J!

428 4562 504 4602 Bous!
521 4562 576 4612 Opp.
590 4564 629 4602 lut.
647 4562 688 4603 ΙΙΙ.
