3488 5108
333 383 389 427 mv

329 541 400 620 pit).
430 542 473 598 13
493 534 589 618 '(nello.
609 539 694 617 noto)
717 559 755 598 erc
777 560 810 600 eo
831 543 914 617 qzeod
935 539 1008 620 (non
1029 549 1056 602 et
1078 563 1111 603 eo
1130 542 1232 621 quod).
1263 545 1308 603 10
1326 545 1472 620 quicquid

336 693 408 772 (non
425 691 574 771 quiquid).
595 692 643 750 25
661 693 740 750 aicit
757 695 810 751 dat
827 699 892 752 suis
910 695 1004 753 ueluti
1021 697 1057 754 de
1076 713 1134 752 oua
1151 700 1208 754 eto.
1233 695 1329 769 12,2
1348 653 1475 754 divitiuls

336 791 382 869 (so
404 809 479 867 puro
499 789 530 848 lo.
550 788 661 849 lettera
688 796 893 868 sopropposta
920 810 980 850 non
1003 792 1018 851 ὁ
1046 791 1195 869 piuttosto
1216 791 1240 850 il
1262 791 1401 868 dittongo
1425 794 1475 868 oe).

336 889 359 945 3
377 884 474 969 aetus]
492 894 577 947 oetas
595 887 666 967 (sic)
698 888 721 945 5
740 909 778 964 q:
792 887 870 966 (cicc
884 891 985 966 quael,
1005 909 1065 947 non
1083 895 1165 966 quea).
1184 891 1206 949 9
1222 895 1266 949 ita
1281 897 1324 950 est
1343 890 1416 968 (non
1435 890 1474 970 et)

335 986 636 1057 nocuumest.13‚5
653 991 725 1063 quia
740 989 761 1043 d
778 985 817 1064 (l)
834 994 878 1045 est
892 1007 964 1046 ecoe.
979 990 1040 1062 14,
1052 989 1097 1046 19
1113 989 1258 1046 inclusae.
1275 990 1390 1062 15,15
1407 990 1478 1048 sarii

335 1084 431 1144 anche
447 1084 480 1143 in
493 1085 531 1142 M
543 1086 777 1144 connumeratis.
797 1086 915 1159 10,17
931 1104 976 1161 sq.
992 1088 1223 1162 amplitudinem
1239 1105 1256 1146 c
1273 1087 1477 1162 amplitudine

337 1183 409 1260 (non
425 1185 664 1258 cirnptitudinam
685 1183 767 1261 eto.).
790 1184 838 1243 27
857 1186 1091 1244 cohaerentiam.
1116 1186 1214 1257 17,3
1237 1184 1360 1262 effusae.
1384 1187 1476 1244 floa-

337 1284 443 1341 cuitato'
458 1281 532 1359 (non
548 1280 715 1358 uarietate).
734 1283 774 1339 11
793 1284 1002 1358 quodcunque.
1023 1284 1067 1342 18
1085 1285 1250 1359 sphaerici.
1270 1284 1332 1357 18,
1343 1286 1368 1341 4
1379 1282 1475 1361 forte.

337 1436 377 1491 11
390 1434 506 1492 caelum
517 1450 533 1491 e
546 1431 612 1491 sim.
625 1437 874 1491 costantemento.
891 1435 935 1491 17
948 1391 1107 1510 {duellum
1125 1435 1181 1508 19,
1194 1437 1216 1494 9
1232 1437 1379 1494 Laelieue
1395 1435 1476 1513 (sic).

338 1535 378 1591 11
397 1549 441 1608 sq.
460 1519 515 1591 dl
533 1529 611 1608 (cicc
631 1533 748 1602 omnia,
766 1550 827 1589 non
846 1531 982 1610 omnino)
996 1536 1222 1608 -participat
1246 1533 1290 1591 13
1310 1551 1354 1609 sq.
1374 1537 1477 1591 omnia

337 1651 401 1691 esse
418 1632 595 1689 desiderant
617 1628 713 1703 unche
733 1630 773 1686 M.
799 1631 843 1688 17
857 1633 1110 1705 prothoporente.
1134 1630 1249 1688 23-25
1269 1634 1311 1689 ita
1331 1631 1478 1690 Orcus-

336 1732 411 1790 oetle
427 1735 529 1804 potest
549 1747 610 1787 non
631 1745 776 1786 mancano
798 1726 829 1785 in
850 1727 896 1798 M,
918 1726 997 1788 dovo
1024 1749 1077 1788 oea
1099 1728 1168 1809 (sic)
1194 1728 1301 1790 invoco
1329 1727 1361 1787 di
1389 1751 1408 1788 α
1435 1750 1478 1789 ce.

338 1829 459 1903 20,17
477 1828 709 1886 lachrimabilio.
728 1826 773 1884 18
792 1826 963 1886 iocundum.
983 1827 1031 1885 22
1050 1832 1274 1902 compositionem
1298 1827 1389 1902 21,1
1409 1846 1479 1887 emu-

334 1933 435 2001 perat.
454 1927 704 1985 6·71uaneseu
726 1921 829 1983 Chaos
847 1943 885 1983 ere
903 1945 966 1983 una
983 1931 1074 2000 porte
1095 1945 1260 2001 numqrmm
1275 1924 1344 2002 (sio)
1361 1923 1479 2004 forme·

339 2033 402 2098 tur,
420 2044 474 2082 neo
491 2043 625 2100 uncorum
649 2021 720 2099 (sic)
736 2020 877 2098 formari
893 2023 996 2097 cupiat
1013 2041 1073 2081 non
1090 2042 1197 2082 manca
1213 2023 1245 2082 in
1261 2024 1301 2082 M.
1325 2024 1373 2082 22
1389 2025 1478 2081 verti·

339 2125 449 2182 bulum.
479 2122 580 2195 22,1
604 2126 708 2196 porta.
739 2121 783 2178 17
806 2119 930 2197 superet
957 2122 1030 2198 (non
1051 2121 1205 2201 finperet).
1237 2122 1358 2195 23,11
1392 2143 1479 2183 omne

337 2274 491 2352 (delicium
508 2270 874 2365 cancellatoppecoatum,
890 2272 1032 2331 delicium
1050 2293 1068 2330 a
1086 2275 1324 2349 derelinquendo
1344 2280 1372 2332 et
1389 2221 1480 2352 allofi-

337 2437 454 2494 ciendo.
472 2434 594 2508 24,12
613 2390 750 2509 nulnum.
769 2433 817 2490 20
837 2452 913 2508 quoe
934 2391 1076 2492 nomam
1098 2432 1178 2510 (cion
1204 2433 1397 2510 soprascrivo
1417 2455 1480 2494 ma·

337 2532 469 2612 teriam).
497 2533 622 2606 25,15
650 2533 704 2591 sed
731 2527 844 2608 (apereti
871 2530 1053 2611 cancellato)
1082 2531 1195 2609 subjeci
1214 2539 1303 2607 atque
1324 2533 1480 2592 selbsterm'

338 2633 411 2711 (non
425 2629 599 2708 substante).
618 2629 668 2687 24
686 2629 882 2709 ὺπαρῤουσίαν.
901 2630 966 2704 26,
978 2631 1001 2689 0
1014 2629 1054 2707 fit
1071 2628 1144 2708 (non
1161 2630 1221 2707 cit).
1241 2630 1286 2688 18
1302 2633 1477 2690 embm'onio.

340 2784 388 2843 25
400 2802 444 2859 sq.
462 2802 481 2840 a
493 2784 694 2857 praecedente
707 2782 784 2860 (-nti
795 2781 886 2860 corr.)
904 2786 1003 2858 specie
1015 2789 1043 2842 et
1053 2784 1212 2841 indiuiduo
1226 2727 1381 2864 dedrfllllm
1399 2781 1478 2860 (sio).

340 2936 388 2994 27
396 2937 440 3008 ,5
463 2941 515 2992 etc.
537 2933 611 3010 (non
632 2936 684 3007 et).
707 2936 752 2991 15
774 2955 813 2992 m.
838 2933 916 3012 (aiod
938 2939 1030 3008 enim,
1052 2952 1113 2992 non
1135 2932 1189 3010 in).
1214 2933 1312 3007 28,2
1336 2890 1480 3009 qulclitau

340 3087 447 3161 10811.
470 3087 576 3162 cuique
594 3033 734 3160 pollntia
758 3034 818 3143 alu
840 3084 919 3163 (sic).
942 3085 1043 3159 29,3
1066 3085 1113 3143 Ao
1135 3075 1208 3145 Adi
1235 3086 1287 3164 (=
1298 3086 1475 3162 Aristotele,

339 3265 401 3305 non
417 3246 511 3325 Arte).
528 3248 572 3304 13
585 3197 645 3322 llll
662 3245 727 3306 oiol
738 3267 799 3323 per
812 3253 945 3306 corrotto
963 3246 994 3304 in
1006 3255 1143 3322 praeter.
1160 3249 1207 3307 20
1224 3267 1269 3322 sq.
1284 3267 1379 3323 neque
1395 3250 1481 3324 quid·

341 3348 462 3404 dilatem
474 3364 535 3403 non
546 3365 604 3404 om.
618 3346 659 3404 M.
673 3346 720 3404 29
734 3351 807 3422 quio
818 3344 888 3423 (om.
901 3345 976 3423 non)
992 3352 1099 3405 actum
1112 3348 1203 3421 30,9
1215 3348 1229 3405 l
1239 3365 1301 3405 non
1312 3353 1346 3405 et.
1361 3346 1405 3404 21
1419 3348 1482 3422 qui-

342 3501 396 3561 bus
413 3446 512 3557 molles
528 3518 624 3572 neque
641 3445 774 3574 copnr'te'o
793 3496 872 3576 (sic).
895 3499 987 3570 31,1
1008 3517 1100 3592 super
1118 3501 1227 3594 luorum
1244 3497 1325 3576 (sio).
1348 3499 1371 3557 3
1389 3520 1482 3575 quam
1560 3508 1562 3511 '

342 3677 476 3730 econtra.
494 3672 516 3730 9
534 3689 630 3746 neque
647 3671 748 3744 turpis
763 3675 815 3728 est.
835 3672 880 3729 17
892 3668 1061 3746 formatur.
1082 3669 1126 3728 21
1150 3620 1228 3730 ida..
1252 3671 1299 3730 26
1314 3657 1386 3747 pter
1403 3671 1483 3760 (clod

340 3770 486 3847 praeter).
505 3770 553 3828 27
565 3758 707 3864 ree—itatem
724 3767 805 3846 (sic).
824 3769 884 3841 33,
897 3770 920 3826 5
933 3770 1099 3827 intinctam.
1119 3769 1167 3827 25
1182 3768 1313 3837 Quanto.
1332 3770 1392 3843 34,
1407 3773 1483 3830 1οα

344 3961 363 4015 q
376 3944 511 4014 primum
526 3942 636 3998 bontom
649 3947 685 4000 et.
705 3941 753 3999 27
772 3943 844 3999 dum
855 3938 928 4016 (non
943 3938 1026 4017 tum).
1046 3939 1112 4013 35,
1125 3940 1147 3997 7
1166 3942 1264 3998 lenius
1277 3939 1349 4017 (non
1360 3942 1482 4018 toneris).

345 4039 389 4096 15
408 4045 434 4096 et
451 4039 511 4096 alis
528 4040 633 4113 apellit
651 4039 724 4115 (non
741 4040 882 4114 appellit,
902 4055 987 4096 como
1007 4037 1023 4095 ὸ
1039 4036 1146 4095 scritto
1164 4037 1261 4098 anche
1279 4037 1361 4098 nella
1378 4045 1484 4098 nostra

344 4136 565 4215 annotazionc).
584 4137 627 4194 21
643 4157 745 4195 rerum
761 4137 834 4213 (non
848 4135 976 4212 oerum).
995 4136 1091 4209 36,6
1111 4156 1169 4212 quo
1186 4137 1259 4214 (non
1277 4136 1354 4214 que).
1375 4138 1486 4196 'lnun-

345 4254 437 4310 quam
453 4235 507 4291 lura
524 4237 597 4310 (non
623 4255 779 4310 nunquam
796 4240 872 4303 nom)
900 4236 1022 4293 inibunt.
1050 4236 1094 4292 17
1122 4231 1208 4315 quia]
1227 4256 1270 4310 qe.
1290 4235 1368 4313 (cicc
1385 4237 1484 4312 quusi,

345 4351 405 4390 non
423 4333 512 4409 quos)
535 4334 578 4401 M,
601 4331 680 4392 dove
702 4352 794 4410 sopra
815 4331 838 4390 il
860 4339 1007 4408 seguontc
1029 4339 1056 4391 et
1078 4333 1094 4390 ὸ
1121 4332 1321 4410 soprascritto
1342 4333 1487 4409 qualoosa

346 4430 402 4491 cho
418 4450 479 4489 non
495 4429 689 4490 intendinmo.
709 4431 757 4489 20
775 4452 852 4508 quae
870 4430 942 4511 (non
960 4431 1044 4509 quea).
1064 4432 1112 4490 25
1135 4438 1302 4510 composito
1320 4433 1392 4512 (non
1411 4451 1487 4493 com-
