3488 5108
717 422 762 464 un
781 421 933 466 vmovms
954 421 989 467 m
1010 420 1151 467 ananan.
1450 404 1509 463 683

364 578 481 644 eodem
500 579 556 644 vel
575 577 771 666 propinquo
790 577 921 644 vinculi
940 599 1065 664 genere
1085 577 1113 642 si
1129 596 1200 641 non
1216 575 1265 658 ei,
1286 574 1408 641 saltem
1428 596 1507 640 curn

364 726 412 787 e0,
427 727 528 791 quem
539 705 671 770 vincire
685 702 906 791 concupiscit,
925 703 1112 784 vinciatur3
1126 724 1196 767 non
1210 701 1302 767 euim
1314 707 1365 784 (ut
1382 700 1507 765 clarius

331 913 335 921 ι
363 828 498 914 loquar)
517 829 633 895 rhetor
652 829 795 895 affectus
815 835 930 895 movet
950 830 1024 894 sine
1042 827 1179 895 affeetu.

748 1068 868 1109 Vinelblllr
881 1069 974 1108 veritas.
989 1069 1040 1109 Art.
1059 1070 1128 1110 XXX.

318 1262 339 1324 5
452 1255 638 1336 Vincibile,
658 1263 698 1320 ut
716 1278 796 1321 vere
815 1257 1005 1339 vinciatur,
1019 1279 1089 1322 non
1101 1263 1238 1322 tantum
1257 1278 1339 1322 vera
1358 1250 1508 1340 requirit

363 1381 515 1462 vincula,
529 1403 652 1467 nempe
666 1403 753 1466 quae
769 1404 811 1446 ex
827 1381 1054 1448 fundamento
1071 1381 1268 1448 huiusmodi
1284 1389 1379 1464 sunt,
1401 1403 1508 1467 quan·

362 1514 436 1571 tum
456 1507 675 1594 apparentia,
695 1506 801 1572 idest
820 1529 907 1592 quae
926 1530 968 1572 ex
987 1507 1162 1595 opinione;
1181 1515 1296 1595 potest
1312 1507 1405 1572 enim
1422 1508 1507 1572 ima·

361 1631 495 1719 ginatio
526 1631 600 1697 sine
630 1633 776 1697 veritate
807 1653 887 1696 vere
915 1632 1061 1714 vincire,
1087 1640 1122 1697 et
1140 1655 1202 1719 per
1221 1633 1507 1719 imaginationem

363 1757 527 1824 vincibile
546 1780 626 1823 vere
645 1756 809 1844 obligare.
830 1757 906 1823 Etsi
923 1757 1015 1823 enirn
1034 1757 1151 1823 nullus
1172 1757 1407 1842 sitinfernus,
1437 1758 1508 1844 opi-

300 1894 340 1955 lo
362 1883 420 1947 nio
440 1890 475 1947 et
493 1883 698 1968 imaginatio
715 1882 845 1947 inferni
861 1883 935 1948 sine
954 1883 1110 1948 veritatis
1128 1882 1355 1949 fundamento
1374 1905 1456 1948 vere
1472 1891 1506 1947 et

362 2030 480 2073 verum
500 2007 586 2074 facit
604 2007 797 2090 infernum,
817 2007 922 2073 habet
945 2008 1038 2073 enim
1058 2030 1119 2073 sua
1138 2008 1268 2094 species
1286 2008 1506 2096 phantastica

362 2135 557 2215 veritatem,
578 2132 668 2199 unde
687 2133 844 2219 sequitur
863 2131 954 2218 quod
973 2142 1008 2198 et
1026 2155 1106 2198 vere
1126 2140 1221 2220 agat,
1246 2140 1281 2198 et
1304 2156 1384 2198 vere
1403 2138 1506 2218 atque

361 2259 601 2345 potentissime
619 2281 681 2346 per
699 2281 775 2326 eam
793 2259 959 2325 vincibile
978 2258 1229 2343 obstringetur,
1249 2265 1284 2323 et
1302 2280 1379 2323 curn
1399 2266 1506 2323 aeter·

362 2384 473 2449 nitate
507 2384 681 2471 opinionis
715 2392 750 2450 et
780 2384 861 2450 fidei
892 2394 1052 2451 aeternus
1084 2384 1130 2449 sit
1159 2383 1287 2449 inferni
1317 2383 1505 2466 cruciatae,

299 2516 338 2579 15
362 2529 470 2594 usque
498 2508 582 2574 adeo
605 2517 645 2575 ut
672 2516 708 2574 et
737 2510 874 2576 animus
902 2518 1025 2576 exutus
1052 2531 1194 2596 corpore
1224 2508 1358 2575 easdem
1390 2516 1505 2574 tamen

361 2634 488 2700 retinet
507 2635 651 2722 speciae,
678 2633 799 2701 iisdem
827 2635 1067 2719 nihilominus,
1088 2635 1243 2722 quinimo
1263 2635 1368 2700 etiam
1387 2642 1505 2722 poten·

361 2760 430 2825 tius
455 2760 629 2825 interdum
648 2768 790 2847 propter
813 2759 1070 2848 indisciplinam
1089 2761 1144 2825 vel
1164 2760 1430 2825 oblectationem
1449 2759 1504 2825 vel

361 2883 558 2950 imbibitum
593 2885 741 2972 speeiem
767 2907 828 2973 per
860 2886 974 2951 secula
1007 2884 1131 2950 infelix
1164 2892 1369 2972 perseveret.
1405 2884 1505 2962 Quod

361 3010 466 3095 vulgo
485 3009 767 3097 philosophantes
794 3010 858 3077 hoo
887 3033 957 3076 non
987 3011 1127 3098 capiant
1157 3017 1192 3075 et
1221 3010 1504 3096 ignorantissimo

294 3139 339 3201 20
361 3134 421 3200 illa
446 3134 603 3201 doctrina
631 3135 856 3235 insulsissime
876 3135 1074 3223 reprobent,
1099 3157 1169 3200 non
1192 3135 1311 3222 magni
1339 3135 1504 3217 facimuS,

362 3267 483 3347 utpote
503 3261 563 3346 qui
582 3261 680 3349 pueri
711 3283 780 3326 non
811 3261 925 3327 minus
954 3283 1070 3326 eorum
1090 3260 1285 3327 rationibus
1316 3260 1505 3327 abundavi-

362 3409 438 3452 mus
454 3394 489 3452 et
505 3387 689 3474 inexperti,
707 3409 811 3473 quarn
826 3387 949 3453 iisdem
967 3386 1035 3473 ipsi
1052 3387 1228 3452 abundare
1246 3386 1381 3474 possint
1400 3387 1504 3473 periti

361 3520 465 3597 atque
496 3534 608 3594 senes,
638 3534 709 3577 non
739 3513 852 3578 minus
884 3519 1001 3578 tamen
1034 3512 1111 3578 ideo
1141 3511 1226 3599 ipsis
1255 3511 1293 3577 in
1316 3511 1380 3577 hoc
1403 3534 1503 3577 sensu

361 3636 489 3703 adultis
508 3638 752 3722 condonamus,
779 3660 881 3723 quarn
902 3638 1000 3705 nobis
1031 3638 1219 3705 iudicemus
1239 3638 1503 3705 condonandum

295 3763 339 3825 25
362 3760 468 3827 fuisse
486 3760 612 3848 pueris.
