3488 5108
297 365 355 423 362
736 377 876 423 rounam
897 376 999 421 aaran

296 537 439 603 tertium
460 535 600 621 aliquod
619 541 785 622 generent
803 541 838 599 ct
854 557 923 600 non
939 534 1000 600 fiat
1020 535 1058 601 in
1082 536 1231 602 invicem
1250 537 1437 621 transitus,

296 672 336 732 ut
355 664 491 751 quando
512 663 549 728 in
572 685 662 749 aqua
682 661 914 747 corrumpitur
943 661 1111 747 frigidum
1129 670 1164 728 et
1187 663 1269 749 igne
1287 686 1438 730 corrum-

297 791 393 878 pitur
412 789 561 872 siccum,
585 785 826 875 pugnantibus
845 786 994 852 invicem
1013 809 1103 873 aqua
1122 795 1157 853 et
1175 788 1269 873 igne,
1289 795 1365 854 tum
1383 812 1440 875 ge-

298 922 440 982 neratur
459 922 530 997 a'e'r,
551 935 677 999 nempe
704 911 900 994 humidum,
921 911 1091 995 calidum,
1120 913 1259 998 quando
1277 936 1360 979 varo
1378 938 1440 1002 pu·

253 1047 275 1110 5
298 1040 490 1128 guantibus
509 1060 599 1122 aqua
613 1045 648 1103 et
664 1037 745 1124 igne
758 1037 989 1125 corrumpitur
1005 1037 1098 1124 ignis
1115 1039 1264 1104 calidum
1280 1047 1315 1105 at
1330 1063 1439 1128 aquae

297 1164 493 1249 humidum,
513 1171 598 1230 tunc
615 1171 801 1249 generatur
823 1169 929 1248 terra,
949 1171 1109 1250 quaeest
1136 1163 1264 1230 siccum
1295 1165 1386 1251 ignis
1405 1174 1440 1231 et

298 1291 466 1378 frigidum
486 1312 612 1376 aquae;
646 1288 806 1355 similiter
838 1288 1077 1378 pugnantibus
1106 1297 1184 1354 atre
1214 1298 1249 1355 et
1279 1297 1385 1374 terra,
1410 1291 1440 1358 si

299 1418 388 1482 atris
407 1416 581 1482 devictum
599 1414 707 1480 fuerit
726 1413 890 1498 calidum,
910 1420 1022 1480 terrae
1042 1421 1157 1480 autem
1176 1414 1320 1499 siccum,
1340 1437 1441 1501 gane-

299 1541 432 1606 rabitur
452 1563 556 1624 aqua,
578 1561 666 1625 quae
685 1546 737 1604 est
754 1538 935 1604 humidum
954 1539 1043 1605 aeris
1067 1547 1101 1604 et
1119 1538 1290 1625 frigidum
1309 1547 1440 1624 terrae,

237 1680 278 1743 10
300 1669 429 1733 sivero
456 1666 546 1732 atris
575 1665 729 1731 vincitur
747 1664 943 1748 humidum,
975 1672 1087 1730 terrae
1110 1672 1225 1730 autem
1256 1665 1442 1752 frigidum,

300 1794 486 1873 generatur
504 1786 609 1872 ignis,
628 1785 688 1871 qui
705 1791 756 1850 est
774 1792 887 1849 tarrae
906 1785 1034 1850 siccum
1054 1792 1088 1850 et
1108 1785 1198 1851 atris
1214 1787 1373 1852 calidum.
1394 1785 1444 1851 Si·

300 1911 429 1976 militer
449 1918 483 1977 at
502 1912 540 1976 in
563 1910 656 1994 aliis,
677 1932 801 1995 nempe
819 1909 1058 1996 pugnantibus
1073 1910 1153 1996 igne
1166 1918 1305 1996 etatre,
1319 1933 1443 1998 nempe

301 2037 329 2102 si
348 2035 441 2122 ignis
460 2041 659 2121 corruptum
679 2034 785 2099 fuerit
804 2033 947 2116 siccum,
966 2034 1056 2099 ae'ris
1068 2033 1249 2100 humidum
1262 2042 1327 2101 etc.
1342 2035 1445 2102 Unde

300 2167 397 2247 patet
424 2160 590 2226 iudicium
622 2180 739 2224 eorum
770 2180 857 2244 quae
880 2180 923 2223 ex
954 2180 1023 2224 uno
1053 2159 1091 2224 in
1121 2182 1230 2226 unum
1257 2167 1444 2227 transeunt

238 2299 278 2363 15
301 2309 363 2372 per
387 2286 641 2373 corruptionem
664 2283 767 2350 unius
793 2283 988 2368 qualitatis,
1009 2290 1180 2351 eteorum
1204 2308 1292 2370 quae
1312 2308 1353 2351 ex
1372 2308 1442 2353 nno

300 2411 339 2476 in
357 2433 465 2477 unum
481 2418 662 2476 transeunt
677 2431 739 2497 per
756 2407 1011 2494 corruptionem
1024 2408 1203 2475 ambarum
1220 2409 1439 2495 qualitatum,

302 2541 385 2606 item
408 2562 525 2606 eorum
550 2560 635 2623 quae
654 2548 813 2603 mutuum
837 2537 1086 2625 corrumpendo
1110 2539 1148 2603 in
1177 2539 1326 2605 invicem
1350 2546 1443 2604 tran·

301 2672 402 2732 seunt
419 2673 454 2730 at
474 2687 560 2750 quae
579 2670 738 2729 mutuum
756 2662 1004 2750 corrumpendo
1028 2664 1065 2728 in
1089 2664 1231 2730 tertium
1250 2671 1441 2731 transeunt.

303 2792 401 2857 Sicut
431 2797 482 2856 est
510 2790 547 2853 in
574 2787 764 2870 elementis,
795 2788 846 2853 ita
875 2795 909 2853 et
939 2810 999 2854 suo
1031 2787 1131 2854 modo
1161 2790 1198 2853 in
1229 2790 1441 2876 compositis,

235 2930 279 2994 ‘20
303 2939 390 3003 quae
413 2939 475 3001 pro
501 2914 668 3000 qualitate
695 2914 980 3001 praedominante
999 2937 1107 2980 unum
1137 2915 1192 2980 vel
1212 2915 1358 2980 alterum
1379 2916 1444 2980 ele-

302 3049 497 3107 mentorum
523 3040 773 3105 contrariorum
804 3038 973 3121 referunt,
997 3038 1088 3105 unde
1116 3040 1231 3105 omnia
1260 3042 1368 3105 mixta
1400 3040 1443 3106 ab

301 3191 370 3234 uno
401 3168 570 3233 elemento
605 3165 936 3247 denominationem,
972 3165 1142 3231 rationem
1176 3172 1209 3230 et
1243 3165 1443 3231 facultatem

301 3293 510 3380 suscipiunt,
534 3301 538 3376 1
560 3291 641 3377 quia
660 3290 795 3355 nullum
815 3296 866 3355 est
884 3290 1112 3377 compositum
1132 3313 1239 3375 usque
1264 3291 1348 3357 adeo
1369 3314 1445 3356 con·
1470 3302 1620 3368 64vB

301 3426 545 3505 temperatum,
565 3440 608 3481 ne
632 3416 685 3481 vis
711 3415 813 3480 unius
834 3416 994 3480 elementi
1023 3416 1276 3502 superemineat
1308 3439 1445 3502 quoquo

236 3563 279 3626 25
303 3551 414 3630 pacto
435 3542 536 3610 Unde
560 3541 717 3626 sequitur
735 3540 825 3605 hanc
849 3539 1041 3605 doctrinam
1072 3539 1114 3605 de
1133 3541 1311 3606 elementis
1342 3541 1446 3627 perti·

304 3691 385 3733 nere
397 3667 441 3732 ad
460 3689 596 3731 omnem
616 3665 886 3752 compositorum
900 3665 1082 3748 rationem,
1097 3667 1180 3732 item
1197 3673 1230 3731 et
1247 3666 1443 3748 affectuum,

304 3793 365 3878 qui
380 3815 483 3879 penes
497 3791 666 3856 eiusmodi
678 3790 864 3876 qualitates
881 3798 1151 3875 consequuntur,
1163 3799 1202 3857 ut
1218 3791 1443 3876 mortborum,
1468 3793 1560 3855 45¹·
1576 3792 1614 3857 Ο

304 3916 569 3998 medicinarum,
590 3915 799 4002 simplicium
823 3915 1101 4001 pharmacorum,
1127 3923 1333 4001 temporum,
1358 3915 1444 3981 loco

304 4068 380 4110 rum
400 4051 461 4108 etc.
485 4041 610 4107 Omnia
628 4041 720 4106 enirn
743 4041 787 4107 ad
806 4048 970 4128 quattuor
988 4041 1071 4106 haee
1090 4040 1298 4124 referuntur,
1320 4048 1355 4106 et
1375 4041 1443 4106 sin-

394 4291 446 4342 21.
465 4291 521 4351 (in)
541 4289 608 4352 igne
670 4290 686 4338 9
702 4286 839 4350 frigidum
855 4302 945 4352 aquae
963 4293 1056 4337 terrea
1075 4287 1109 4339 0ι
1173 4288 1254 4338 1213
1270 4301 1371 4352 nempe
1394 4304 1444 4353 pu·

302 4372 458 4437 guantibus
472 4386 573 4435 nempe
585 4372 650 4432 igne
665 4379 694 4418 et
708 4373 772 4418 atra
786 4368 811 4418 si
824 4368 900 4433 ignis
916 4370 938 4418 t'
999 4369 1029 4419 21
1047 4368 1132 4418 mista
1143 4367 1170 4417 Ε
1230 4369 1262 4419 26
1278 4383 1390 4418 omnam
1404 4368 1443 4418 B:

303 4451 473 4504 omniumt’
