3488 5108
570 426 698 472 neuras
718 396 877 472 reiorum
899 426 1104 472 srarvaarn.
1348 407 1405 471 123

264 585 331 650 alia
355 584 398 650 ud
423 583 671 671 recipiendum,
691 584 958 670 obsequendum.
984 585 1073 650 Item
1097 583 1265 670 quaedam
1289 592 1341 648 est
1365 582 1408 648 ed

265 709 492 775 mutationem
505 709 691 776 secundum
703 709 943 794 substantiam,
960 719 999 776 ut
1016 711 1052 775 in
1069 710 1122 775 his
1140 732 1227 796 quae
1241 732 1409 797 generan-

264 841 321 900 tur
340 842 375 900 et
394 843 675 923 corrumpuntur3
694 834 861 922 quaedam
881 834 1069 901 secundum
1088 835 1343 923 dispositiones,
1368 844 1407 900 ut

264 960 301 1025 in
330 959 567 1027 accidentibus
591 960 727 1026 illorum
752 960 807 1025 vel
831 983 948 1027 eorum
973 983 1061 1046 quae
1089 969 1170 1026 sunt
1200 961 1290 1026 eirca
1314 962 1407 1048 ipsa;

221 1100 242 1163 5
266 1086 434 1172 quaedam
453 1086 641 1152 secundum
661 1085 887 1172 perfectivam
907 1085 1202 1169 informationem,
1223 1085 1336 1173 qualis
1355 1093 1407 1153 est

266 1212 462 1278 intellectus
487 1220 522 1277 et
545 1235 676 1296 sensus,
701 1211 858 1299 potentia
882 1219 916 1277 et
939 1212 1069 1298 species
1092 1211 1344 1299 intelligibiles,
1369 1213 1405 1277 in

266 1337 392 1423 quibus
412 1337 576 1402 subiectis
597 1337 848 1402 contrariorum
867 1337 957 1402 ratio
977 1337 1046 1401 coit
1065 1336 1102 1403 in
1125 1359 1246 1419 unum,
1272 1344 1307 1402 et
1330 1335 1406 1402 ideo

265 1485 334 1527 una
355 1461 542 1548 eademque
567 1468 619 1527 est
643 1462 892 1529 contrariorum
916 1461 1085 1550 potentia,
1111 1468 1145 1526 et
1169 1460 1294 1548 quibus
1318 1460 1408 1527 idem

266 1588 459 1653 subiectum
478 1587 660 1676 physicum
681 1587 781 1654 simul
801 1588 922 1668 laedit,
943 1587 1050 1652 afficit
1069 1594 1104 1652 et
1123 1585 1301 1670 informat,
1325 1586 1409 1652 haec

202 1731 244 1795 10
266 1713 456 1778 necessario
477 1713 626 1779 afficitur
643 1722 677 1779 et
693 1713 909 1779 informatur.
928 1711 1103 1790 Quaedam
1120 1734 1202 1778 vero
1217 1712 1409 1800 potentiam

264 1836 457 1903 admittunt
475 1839 617 1904 minime
635 1838 821 1926 passivam,
839 1838 982 1903 minime
997 1837 1249 1921 innovetivam‚
1267 1836 1409 1903 minime

265 1969 424 2049 respectu
443 1985 611 2029 novarum
632 1963 899 2051 dispositionum
924 1970 959 2028 et
982 1961 1166 2029 habituum
1189 1968 1224 2027 et
1247 1960 1411 2027 informa·

267 2087 416 2171 tionum;
438 2087 496 2154 sed
516 2090 553 2153 in
573 2089 626 2155 his
646 2089 802 2176 potentia
823 2087 987 2154 coincidit
1007 2110 1084 2153 cum
1108 2094 1201 2168 actu,
1226 2093 1348 2174 utpote
1372 2086 1409 2152 in

265 2212 319 2278 his
347 2236 434 2299 quae
458 2221 616 2300 spectant
640 2213 683 2278 ad
708 2213 875 2279 mundum
903 2212 1174 2300 intelligibilem,
1204 2211 1264 2279 ubi
1293 2211 1409 2278 omnia

202 2355 242 2418 15
266 2349 346 2405 actu
366 2347 459 2424 suut,
482 2339 571 2426 quod
597 2363 669 2405 esse
692 2349 846 2428 possunt.
871 2341 946 2405 Iam
970 2363 1031 2427 per
1059 2339 1214 2405 ordinem
1242 2345 1408 2405 notentur

265 2467 417 2531 rationes
439 2472 473 2529 et
497 2466 665 2548 membra,
692 2467 816 2552 quibus
841 2465 973 2552 aliquid
1003 2489 1074 2531 esse
1102 2465 1140 2531 in
1167 2464 1323 2553 potentia
1351 2463 1410 2529 vel

265 2591 392 2657 habere
410 2592 604 2679 potentiam
624 2593 793 2659 verificari
813 2601 967 2680 possunt.

355 2718 382 2781 Ι.
407 2718 520 2803 Igitur
540 2725 591 2783 est
611 2719 663 2783 vis
684 2718 841 2783 effectiva
861 2718 915 2783 vel
935 2717 1122 2804 receptiva,
1143 2723 1263 2803 utpote
1283 2717 1410 2803 princi·

264 2842 360 2929 pium
382 2843 425 2907 ad
445 2843 577 2929 aliquid
597 2843 768 2930 agendum
789 2843 843 2907 vel
863 2841 1076 2929 patiendum.

200 2990 244 3052 20
356 2967 401 3032 Π.
426 2969 490 3041 Est
509 2969 687 3057 appulsus,
708 2968 770 3032 hoc
791 2976 842 3034 est
862 2967 1026 3033 habilitas
1045 2967 1087 3033 ad
1108 2973 1240 3034 motum
1256 2989 1336 3032 vere
1352 2967 1407 3033 vel

265 3093 559 3175 similitudinarie,
580 3116 647 3180 quo
666 3094 709 3171 ad
729 3094 901 3159 obiectum
919 3092 972 3157 vel
990 3093 1134 3157 formam
1159 3091 1313 3179 appellat
1332 3092 1411 3158 sub-

264 3220 392 3284 iectum
411 3219 465 3284 vel
485 3220 653 3306 potentia.

354 3345 417 3409 III.
443 3346 505 3410 Est
525 3346 700 3433 appetitus
721 3346 763 3409 ad
783 3346 886 3409 talem
911 3350 1042 3410 motum
1066 3342 1121 3407 vel
1150 3349 1262 3409 motus
1287 3342 1406 3409 simili·
1432 3345 1553 3408 150*

265 3471 433 3554 tudinem,
447 3493 548 3556 quem
562 3471 751 3537 necessario
764 3469 967 3557 praecedere
983 3469 1039 3534 vel
1055 3468 1279 3535 concomitari
1295 3468 1408 3555 ipsum

198 3615 241 3679 25
266 3596 390 3662 mobile
420 3597 474 3661 vel
499 3595 679 3679 mutabile,
708 3595 745 3660 in
775 3617 841 3680 quo
862 3603 913 3660 est
932 3594 1139 3661 eiuscemodi
1159 3593 1328 3681 potentia,
1355 3616 1410 3659 ne-

266 3743 357 3786 cesse
376 3729 437 3786 est.

356 3847 415 3912 IV.
436 3847 499 3911 Est
520 3846 684 3933 impetus,
710 3852 831 3932 utpote
851 3845 940 3910 ratio
960 3866 1172 3930 consequens
1199 3844 1408 3930 appetitum,

266 3969 356 4036 sicut
375 3980 489 4037 motus
508 3971 710 4037 facultatem
731 3970 910 4036 metricam
929 3968 985 4035 vel
1004 3966 1220 4035 mobilitatis.

357 4258 373 4306 9
389 4255 492 4318 laedit,
507 4253 607 4315 afficit,
626 4257 655 4302 et
673 4251 821 4302 informari
841 4249 897 4313 (sie)
917 4250 953 4300 A:
970 4248 1156 4316 nequitaffici
1171 4255 1200 4299 et
1215 4245 1413 4299 informarit!

266 4336 295 4384 15
312 4342 378 4386 autu
396 4341 465 4385 eunt
482 4333 513 4382 M
519 4352 524 4383 ι
539 4338 605 4384 actu
620 4338 735 4382 corrono
752 4330 781 4382 iu
794 4331 900 4381 adsunt
913 4331 948 4394 (t)
963 4330 985 4378 A
1052 4334 1123 4394 quot
1135 4328 1166 4380 M
1231 4328 1261 4378 17
1271 4329 1350 4392 soree
1362 4343 1410 4394 po·

265 4425 324 4467 test
386 4416 548 4473 20hoceut]
565 4419 593 4472 ÷
608 4413 665 4463 AM
727 4408 1258 4479 24quom,aqaant0amem(r),1t:
1283 4423 1367 4475 quam
1382 4407 1414 4458 Μ

265 4493 724 4567 praecedereum':recodereAM
784 4492 965 4544 25motabile
976 4491 1008 4541 M
1069 4491 1223 4542 fflmotum
1240 4491 1274 4540 A*
