3488 5108
543 406 632 451 uiam
655 405 867 453 rursrcoavu
890 408 1105 454 lamrornms
1126 407 1318 454 maturari.
1442 395 1501 453 295

357 562 445 628 velit
463 562 516 628 illi
535 584 605 628 non
624 561 737 646 domo,
759 563 851 650 quod
868 570 920 630 est
940 565 1152 630 contrarium
1173 563 1344 650 quoddam
1360 573 1503 653 propter

355 686 420 752 hoo
443 687 535 775 quod
557 711 628 754 non
651 712 687 755 se
711 690 921 777 compatitur
949 712 1027 757 cum
1050 688 1162 756 forma
1193 689 1314 756 domus
1348 698 1383 756 et
1411 690 1503 776 quod

356 813 549 880 necessario
565 820 617 879 est
636 814 727 880 eirea
747 814 838 880 idem
857 814 1051 882 subiectum
1069 838 1129 882 seu
1152 815 1190 880 in
1209 814 1328 881 eodem
1346 814 1501 881 subiecto

358 937 395 1002 in
415 960 483 1025 quo
502 945 554 1005 est
569 938 709 1024 domus,
731 939 760 1005 si
780 940 857 1025 quia
877 941 1020 1026 inquam
1040 940 1219 1007 nominare
1237 940 1336 1025 velit,
1361 940 1500 1007 nomine

312 1058 333 1125 5
358 1062 507 1148 quodam
523 1064 678 1151 generali
694 1071 814 1131 utatur
830 1072 982 1153 oportet,
996 1072 1118 1154 utpote
1129 1065 1380 1131 ‘inordinatum
1397 1064 1502 1152 quod-

357 1186 449 1254 dam'
470 1188 663 1277 appellanS,
683 1189 773 1255 sicut
796 1189 918 1256 domus
948 1197 1000 1256 est
1028 1190 1226 1257 ordinatum
1245 1188 1431 1276 quoddam,
1463 1196 1503 1256 ut

357 1312 512 1396 tandem,
533 1313 562 1379 si
581 1314 693 1401 magis
712 1314 853 1380 nomina
873 1315 1069 1402 significare
1098 1315 1197 1398 velit,
1227 1323 1411 1402 componat
1437 1314 1503 1380 hoo

358 1445 461 1525 pacto
480 1437 675 1504 ordinatam
694 1438 833 1505 domum
852 1463 924 1505 esse
936 1462 977 1505 ex
989 1439 1186 1506 inordinate
1204 1439 1315 1506 domo.
1336 1439 1503 1506 Similiter

358 1570 486 1649 statua,
506 1572 546 1631 ut
569 1564 741 1650 quoddam
766 1565 954 1653 figuratum
983 1565 1048 1630 hoc
1071 1572 1123 1631 eat
1142 1564 1329 1652 infigurato
1358 1573 1502 1632 statuae.

293 1693 336 1757 10
358 1690 483 1775 Itaque
511 1689 733 1756 manifestum
752 1696 816 1774 est,
837 1689 1125 1776 quemadmodum
1155 1690 1272 1757 omnia
1294 1694 1350 1759 vel
1369 1691 1407 1757 in
1426 1713 1503 1758 oon·

357 1814 464 1880 traria
492 1814 548 1880 vol
576 1814 613 1880 in
639 1814 752 1880 media
775 1815 1010 1900 resolvuntur,
1029 1837 1071 1881 ex
1096 1814 1278 1882 contrariis
1302 1816 1358 1883 vel
1381 1815 1504 1883 mediis

357 1946 576 2026 generantur.
599 1939 603 2028 l
624 1939 670 2004 Et
688 1939 864 2025 hucusque
883 1939 1089 2006 sufficientia
1109 1947 1144 2005 et
1162 1939 1330 2006 iudicium
1346 1941 1504 2026 antiquo·
1529 1947 1610 2012 15ν
1625 1949 1662 2013 Ο

359 2086 435 2130 rum
454 2064 638 2152 procedere
660 2065 777 2153 potuit
807 2072 841 2130 et
864 2065 999 2150 videre,
1020 2072 1060 2131 ut
1090 2087 1208 2132 omnes
1236 2064 1273 2130 hi
1304 2065 1436 2132 scilicet
1459 2065 1503 2131 ab

360 2190 445 2278 ipsis
464 2197 587 2256 vocata
604 2190 778 2279 principia
798 2191 972 2257 contraria
991 2189 1221 2279 appellarent,
1252 2212 1322 2256 non
1351 2198 1425 2257 tam
1452 2213 1504 2258 ra·

295 2315 336 2381 15
362 2316 456 2382 tione
480 2315 620 2382 adducti
644 2315 808 2401 quadam,
834 2338 938 2402 quam
961 2322 1105 2381 naturae
1128 2315 1276 2381 veritate
1295 2317 1414 2382 coacti.
1437 2316 1441 2403 Ι
1462 2316 1505 2380 ln
1530 2325 1677 2390 26OE

361 2442 425 2508 hoo
444 2464 526 2528 ergo
545 2441 613 2529 ipsi
629 2441 809 2508 nobiscum
825 2449 860 2507 et
876 2442 943 2528 ipsi
959 2441 1051 2507 inter
1067 2464 1103 2508 se
1117 2439 1343 2526 conveniunt,
1358 2439 1504 2508 subinde

361 2568 453 2632 inter
473 2590 508 2631 se
528 2565 695 2631 differunt
714 2572 748 2631 et
773 2587 792 2630 a
816 2565 931 2632 nobis:
963 2566 1115 2649 anobiS,
1148 2565 1312 2652 quoniam
1342 2587 1404 2631 nos
1434 2587 1505 2631 non

362 2699 498 2757 tantum
523 2691 657 2757 ratione
680 2691 838 2757 veritatis
863 2691 985 2772 coacti,
1011 2691 1069 2757 sed
1093 2691 1198 2757 etiam
1215 2691 1359 2757 rationis
1375 2691 1505 2756 lumine

365 2815 523 2902 adducti,
544 2824 583 2882 ut
601 2816 693 2882 infra
712 2815 888 2882 videbitur
906 2823 941 2882 st
964 2816 1069 2882 etiam
1092 2838 1155 2904 pro
1186 2815 1363 2882 occasione
1392 2817 1506 2882 visum

295 2952 340 3015 20
363 2944 518 3033 proxime
535 2952 601 3021 est;
617 2945 708 3010 inter
725 2967 760 3010 se
776 2944 955 3029 differunt,
970 2944 1051 3030 quia
1067 2944 1240 3010 contraria
1253 2943 1313 3009 alii
1328 2943 1506 3032 accipiunt

360 3098 440 3140 vero
464 3074 581 3163 priora
607 3077 643 3141 in
671 3098 732 3142 suo
751 3097 887 3162 genero,
909 3072 968 3140 alii
998 3095 1079 3139 vero
1103 3073 1294 3159 posteriora
1312 3072 1379 3157 his,
1402 3071 1505 3139 sicuti

360 3201 396 3267 hi
416 3202 474 3287 qui
495 3203 616 3269 dicunt
635 3201 785 3268 calidum
804 3209 838 3266 et
861 3199 1043 3287 frigidum,
1064 3199 1179 3287 priora
1203 3198 1324 3267 dicunt
1344 3223 1447 3287 quarn
1466 3199 1503 3265 hi

361 3327 421 3414 qui
441 3349 556 3404 rarum
576 3334 611 3392 et
629 3326 787 3410 densum,
808 3323 1086 3412 quandoquidem
1109 3324 1233 3391 raritas
1253 3331 1288 3391 et
1311 3323 1463 3391 densitas
1483 3348 1504 3391 a

361 3454 537 3520 caliditate
557 3460 591 3518 et
611 3453 806 3539 frigiditate
825 3451 1068 3540 proficiscitur;
1088 3451 1172 3517 item
1192 3451 1251 3517 alii
1283 3451 1426 3538 capiunt
1444 3473 1503 3518 no-

295 3583 337 3648 25
361 3580 451 3646 tiora
470 3576 657 3645 secundum
676 3577 858 3661 rationem,
879 3577 938 3642 alii
960 3597 1039 3642 vero
1063 3577 1199 3642 notiora
1223 3575 1410 3642 secundum
1430 3599 1504 3642 scn-

362 3727 450 3787 sum,
471 3703 506 3768 id
526 3711 577 3768 est
596 3702 655 3767 alii
672 3701 847 3789 accipiunt
863 3701 1034 3788 principia
1051 3701 1292 3767 mathematico
1311 3709 1345 3766 et
1360 3701 1502 3788 physico

365 3837 399 3895 et
418 3828 545 3915 logice,
567 3829 656 3894 sicut
675 3826 711 3891 hi
732 3826 791 3912 qui
811 3827 931 3892 dicunt
950 3849 1013 3913 par
1037 3834 1071 3892 et
1094 3827 1218 3914 impar,
1249 3826 1438 3893 amicitiam
1469 3833 1504 3892 et

455 4063 468 4110 1
486 4061 529 4111 illi
543 4074 601 4111 non
616 4061 707 4120 domo]
721 4061 790 4109 card
805 4065 884 4110 arsam
894 4057 923 4109 in
932 4065 1013 4111 menta
1026 4057 1056 4110 ‹o'
1067 4059 1224 4110 continuare
1232 4075 1280 4109 coa
1290 4073 1393 4109 nomon
1407 4059 1505 4110 indere

360 4142 488 4206 piaclosto
499 4143 544 4192 cte
553 4157 601 4191 con
611 4141 759 4192 nominare
774 4145 810 4203 (a.
823 4143 866 4205 4),
881 4139 913 4190 ud
924 4140 1032 4190 aorctte
1043 4138 1185 4204 probabile
1194 4139 1237 4190 illi
1247 4139 1324 4208 [non]
1341 4141 1433 4202 domo,
1441 4156 1506 4205 por·

366 4221 412 4273 cto
425 4222 479 4272 ruat
495 4223 518 4273 si
535 4220 748 4273 cousidererctte
765 4222 841 4285 quod
859 4227 903 4271 est
919 4222 1094 4272 contrarium
1116 4221 1258 4286 quoddam
1275 4237 1343 4271 corae
1360 4227 1459 4287 appollo
1475 4220 1505 4271 di

363 4303 513 4354 nominare
574 4305 660 4352 ‘anon
674 4303 849 4368 compatitur
866 4317 896 4352 se
916 4302 938 4353 0
998 4301 1057 4351 9iu
1071 4302 1196 4363 figurato
1210 4301 1247 4351 E:
1256 4303 1335 4367 forae
1348 4302 1502 4365 figuratum

366 4384 421 4434 hoc
438 4388 483 4435 est
500 4392 560 4441 (ex)
582 4382 738 4445 infigurato
757 4388 853 4434 statua
918 4383 998 4432 10.12
1012 4381 1327 4449 Itaque-generantur
1341 4381 1469 4431 darevalle
1485 4380 1508 4432 0

370 4466 400 4515 13
411 4467 505 4530 patuit
519 4464 557 4514 E:
572 4479 618 4514 aa.
632 4463 729 4514 stotza
793 4465 823 4514 18
839 4461 962 4531 rationo]
976 4462 1014 4514 sic
1027 4462 1054 4513 Ε
1114 4463 1144 4513 21
1162 4462 1370 4513 concederemmo
1383 4477 1449 4512 vere
