3488 5108
588 438 633 482 nc
654 438 769 483 nnavu
790 438 967 485 narremus
986 438 1057 484 uro.
1333 422 1391 482 511

255 592 520 658 firmamentum.
548 593 641 657 Hinc
669 615 786 658 omncs
812 592 1009 679 philosophi
1039 591 1149 657 divini
1180 597 1215 657 et
1245 591 1338 677 magi
1358 597 1393 655 et

254 726 376 805 poetae
409 720 573 803 Stygem,
608 741 712 802 quarn
744 718 923 784 matricem
951 718 953 802 l
980 740 1146 802 aquarum
1176 716 1393 801 intelligunt,
1420 706 1510 768 39⁹

254 849 399 909 matrem
423 843 574 909 Deorum
601 866 660 908 seu
679 843 868 929 specierum
888 843 1108 928 intelligunt,
1129 848 1164 907 et
1182 841 1246 907 hoc
1265 839 1396 927 signifi-

197 950 207 969 ⁰
254 975 335 1034 cant
347 968 517 1056 Orpheus,
529 968 654 1051 Linus,
668 968 838 1034 Hesiodus
850 975 885 1033 et
897 990 1014 1033 omnes
1026 973 1161 1054 poetae,
1179 989 1257 1032 cum
1273 966 1395 1031 dicunt

210 1099 230 1161 5
254 1094 399 1181 Stygem
423 1117 495 1159 esse
518 1093 719 1159 inviolabile
744 1093 982 1159 iusiurandum
1006 1092 1166 1158 Deorum.
1194 1091 1292 1168 Quod
1311 1091 1394 1157 haec

254 1219 300 1286 sit
319 1220 464 1285 materia
496 1227 699 1285 cunctarum
728 1242 856 1302 rerum,
891 1219 1030 1306 signum
1049 1225 1100 1283 est
1120 1217 1201 1303 quia
1220 1204 1395 1282 arida'seu

255 1344 362 1410 atomi
389 1343 655 1409 fundamentum
675 1351 709 1408 et
727 1343 988 1409 consistentiam
1007 1342 1139 1408 nullam
1166 1340 1296 1406 habent
1321 1340 1396 1406 sine

254 1493 345 1556 aqua
368 1470 626 1558 agglutinante,
647 1471 801 1552 uniente,
831 1475 1064 1551 sustentante;
1087 1468 1168 1534 inde
1196 1468 1283 1533 bene
1306 1466 1395 1532 dixit

254 1599 379 1665 Thales
398 1621 524 1684 aquam
544 1621 615 1663 esse
636 1597 901 1664 fundamentum
920 1604 1043 1679 terrae,
1064 1595 1234 1682 quomodo
1253 1616 1324 1660 non
1343 1592 1395 1658 in·

192 1732 233 1793 10
256 1726 420 1811 telligunt
432 1733 612 1806 nostrates,
626 1723 685 1789 sed
699 1748 739 1788 eo
755 1734 856 1811 pacto
870 1745 936 1808 quo
949 1723 1121 1788 intellexit
1133 1722 1266 1788 Psaltes
1278 1721 1396 1787 dicens

254 1852 366 1917 Deum
391 1851 553 1917 fundasse
574 1856 700 1914 terram
720 1872 822 1936 super
841 1871 957 1933 aquae.
982 1849 1027 1913 Et
1046 1849 1171 1913 lltoises
1191 1847 1322 1913 aridam
1341 1869 1397 1911 ve-

255 1978 321 2044 luti
340 1983 564 2064 apparentem
586 1982 683 2041 extra
706 1998 813 2060 aquas
837 1972 1026 2040 introducit
1049 1982 1084 2040 et
1109 1973 1152 2039 ab
1176 1972 1245 2038 illis
1265 1996 1300 2037 so
1322 1994 1396 2036 exe-

254 2108 397 2166 rentem.
422 2101 464 2165 In
488 2108 607 2165 centro
637 2100 730 2164 enim
759 2100 861 2164 debet
886 2122 958 2163 esse
982 2121 1085 2183 aqua,
1110 2098 1199 2163 sicut
1223 2098 1260 2163 in
1284 2096 1396 2162 medio

255 2225 357 2291 debet
373 2249 444 2290 esse
461 2226 583 2311 gluten
598 2225 689 2290 cirea
706 2224 797 2310 quod
810 2222 1077 2309 agglutinabilia
1094 2222 1394 2309 agglomerantur3

196 2354 235 2415 15
259 2360 350 2417 terra
377 2360 493 2417 autem
522 2351 577 2416 vel
608 2350 704 2416 arida
733 2349 909 2415 levissima
933 2355 968 2415 et
990 2347 1165 2415 instabilis
1189 2370 1298 2434 aquae
1325 2369 1395 2413 non

256 2483 371 2564 potest
393 2499 466 2542 esse
489 2475 764 2541 fundamentum.

348 2603 390 2668 In
425 2601 558 2668 duobus
589 2601 772 2689 principiis
803 2599 1106 2681 immaterialibuS,
1138 2599 1264 2686 spiritu
1301 2597 1395 2664 vide-

256 2727 339 2793 licet
362 2735 397 2793 et
423 2729 539 2793 anima
559 2727 815 2810 (immaterialia
834 2727 923 2811 dico,
948 2726 1029 2811 quia
1053 2749 1123 2790 non
1148 2734 1229 2790 sunt
1252 2723 1398 2790 materia

256 2854 337 2919 licet
368 2854 404 2917 in
438 2852 595 2935 matoria,
625 2854 707 2937 quia
738 2852 880 2939 spiritus
914 2858 948 2916 ot
979 2851 1095 2916 anima
1123 2873 1192 2916 nou
1222 2849 1397 2937 rccipiunt

190 2977 234 3039 ‘20
257 3002 381 3064 aquam
400 2987 434 3044 et
454 2986 596 3062 terram,
617 2977 675 3043 sed
695 2978 936 3065 recipiuntur),
957 2984 1009 3041 cst
1034 2978 1105 3057 lux,
1129 2975 1209 3060 quia
1230 2974 1395 3039 nimirum

256 3103 454 3168 radicaliter
477 3103 638 3168 omnibus
663 3103 699 3167 in
723 3104 824 3167 robus
849 3103 899 3167 ita
922 3101 1027 3166 insita
1052 3108 1116 3181 est,
1141 3101 1230 3166 siout
1255 3100 1397 3187 spiritns

257 3236 360 3314 otrprc
377 3229 509 3311 anima,
527 3237 561 3293 et
575 3228 749 3294 interdum
762 3229 901 3292 nomino
914 3227 1000 3292 lucis
1013 3227 1164 3292 animam
1182 3232 1286 3310 atquo
1299 3224 1397 3311 spiri-

258 3363 332 3419 tum
352 3355 563 3440 intelligunt.
577 3355 608 3418 A
621 3356 696 3419 luce
713 3377 789 3418 cum
807 3376 909 3439 aqua,
929 3376 987 3417 seu
1004 3374 1081 3416 cum
1098 3357 1222 3415 natura
1241 3350 1396 3433 humida,

258 3484 411 3569 procedit
431 3482 540 3567 ignis3
558 3482 669 3547 omnis
685 3481 777 3545 enim
793 3481 867 3562 lux,
883 3503 986 3564 quum
1006 3480 1110 3565 vulgo
1123 3479 1233 3544 lucem
1247 3479 1397 3565 appella-

191 3612 234 3672 25
259 3632 332 3673 mus
352 3618 386 3673 et
406 3609 522 3691 ignom
538 3609 662 3685 lucem,
676 3606 712 3671 iu
725 3605 866 3671 humido
879 3604 1046 3669 consistit.
1065 3604 1177 3682 Quare
1191 3605 1251 3670 ubi
1264 3604 1398 3669 nullum

260 3742 311 3798 ost
331 3734 523 3816 humidum,
549 3733 663 3797 nullus
683 3737 734 3795 est
754 3731 846 3816 ignis
870 3753 980 3816 neque
1000 3729 1186 3794 secundum
1206 3737 1321 3793 actum
1341 3752 1398 3793 nc·

260 3883 325 3943 quo
345 3859 531 3924 secundum
552 3857 753 3945 potentiam.
783 3856 969 3943 Propterea
993 3855 1119 3919 Moises
1142 3854 1398 3940 generationem

351 4115 366 4163 2
385 4118 541 4174 matricem]
559 4116 586 4164 la
599 4112 689 4178 prima
707 4115 800 4163 lettera
821 4114 847 4162 in
865 4112 897 4162 M
919 4112 931 4161 ὲ
953 4110 1055 4161 incerta
1073 4112 1138 4173 (re?
1160 4129 1203 4160 ma
1226 4129 1281 4161 non
1297 4111 1399 4161 scrabra

259 4198 436 4258 creatricem)
502 4198 568 4259 ires.
594 4202 662 4259 opp.
683 4194 785 4258 iratp.
806 4196 1057 4256 112,3a1.42.³r,:›¹1
1076 4193 1142 4257 Lep.
1206 4195 1307 4256 miles.
1329 4197 1397 4257 Opp.

262 4272 321 4324 irat.
331 4294 359 4338 p.
376 4278 436 4334 357,
448 4278 483 4325 24
495 4295 532 4339 sq.
548 4279 614 4340 Lep.
663 4280 679 4326 9
695 4275 837 4339 quomodo
848 4281 914 4333 non]
927 4274 1004 4335 forre
1015 4289 1071 4323 non
1082 4272 1223 4338 quomodo
1274 4278 1310 4324 lt).
1324 4279 1350 4323 11
1363 4277 1397 4336 cs.

265 4355 364 4405 I'aalm.
380 4359 450 4415 2332
513 4359 544 4406 25
561 4364 589 4406 ct
607 4357 701 4419 ignom
721 4357 811 4405 lucem
831 4357 858 4405 in
877 4352 992 4404 humido
1011 4355 1154 4404 consistit.
1173 4356 1267 4414 Quare
1283 4348 1339 4415 Ml,
1355 4372 1400 4404 mu

263 4438 400 4485 consistit
422 4437 434 4483 ὲ
453 4438 550 4502 ‹rpirtto
571 4436 784 4486 irreconmcilrilc
806 4437 834 4485 in
856 4430 904 4485 Ml·
963 4434 1043 4484 aaa?
1060 4436 1094 4500 cs.
1115 4434 1155 4484 De
1176 4434 1290 4486 {romena
1314 4435 1347 4498 V,
1368 4438 1400 4486 13

262 4521 300 4582 (p.
319 4521 376 4576 165,
392 4522 408 4566 a·
421 4538 458 4582 aq.
475 4518 563 4583 l'lor.)
