3488 5108
704 433 758 478 -55
779 433 884 477 naam
906 430 1157 478 nrarnnuimca.
1450 416 1509 475 ttltt

362 591 457 651 mine
479 593 690 668 angelorum
711 592 787 652 diei
809 591 968 652 Saturni.
997 591 1093 651 Primi
1119 600 1184 651 tres
1210 600 1282 651 sunt
1310 590 1426 651 Ocresiel
1455 600 1507 651 etr.

361 700 404 776 (p.
423 702 504 777 581).
526 699 681 760 Nomina
702 700 913 775 angelorum
935 700 1110 759 rnalornm
1132 698 1338 777 principum
1356 698 1507 759 illerum.

360 807 500 883 Angelus
529 807 627 868 malus
655 808 799 886 princeps
826 807 889 867 diei
917 806 997 866 Solis
1026 815 1075 866 est
1101 806 1231 866 Machen
1256 807 1267 875 (
1270 832 1302 883 p.
1327 808 1417 883 559),
1447 804 1508 865 diei

361 913 467 974 Lunae
483 915 626 976 Shamain
644 924 696 976 etc.
719 917 764 993 (p.
783 918 862 994 nil).
880 915 1033 975 Nomina
1059 914 1274 991 angelornm
1303 913 1410 973 veris.
1434 912 1511 973 Sunt

317 1018 337 1078 5
362 1020 541 1097 Garamam,
561 1023 640 1083 Core
657 1032 710 1084 eir.
737 1023 892 1083 Nomina
912 1022 1130 1099 angelorum
1150 1021 1318 1082 aestatis.
1342 1022 1419 1081 Sunt
1436 1024 1511 1081 llar-

360 1128 445 1203 gatel
462 1137 513 1190 etc.
535 1130 686 1191 Nomina
708 1131 922 1207 angelorum
944 1129 1116 1191 autumni.
1136 1129 1213 1190 Sunt
1230 1130 1400 1208 Tarqrram,
1420 1128 1511 1190 (liral-

360 1236 446 1296 barel
475 1247 527 1297 etc.
559 1238 714 1299 Nomina
739 1238 950 1315 angelorum
982 1238 1124 1297 hiemis.
1149 1237 1227 1297 Sunt
1252 1237 1428 1298 Amabael
1456 1246 1509 1298 cic.

361 1344 407 1419 (p.
425 1347 487 1404 558
503 1346 571 1422 ap).
589 1346 743 1406 Nomina
763 1347 979 1423 angelorum
1002 1347 1171 1406 horarum
1193 1344 1277 1405 diei.
1297 1344 1511 1424 Incipiendoa

360 1451 410 1511 die
424 1452 574 1513 dominico
590 1456 719 1531 angelus
732 1456 849 1534 primae
863 1454 957 1514 horae
972 1462 1020 1516 est
1034 1454 1166 1514 Michael
1180 1453 1224 1530 (p.
1234 1456 1296 1513 583
1308 1455 1368 1531 aq.)
1381 1489 1407 1498 -
1422 1452 1511 1535 [75‘1

298 1561 337 1623 10
359 1561 512 1621 Nomina
533 1562 812 1639 elementorum,
830 1582 922 1638 quae
945 1563 1055 1623 etiam
1080 1561 1207 1638 angeli
1229 1560 1369 1621 seuDii
1390 1561 1512 1640 appal-

362 1669 491 1730 lantur.
518 1670 681 1730 Elementa
708 1668 843 1730 diversis
870 1669 941 1729 anni
972 1669 1162 1748 temporibus
1191 1668 1316 1729 diversa
1342 1668 1513 1728 sortiuntur

360 1776 489 1836 nomina.
507 1776 587 1836 Hine
604 1785 687 1836 terra
704 1777 736 1835 in
756 1795 829 1837 vere
848 1776 1022 1856 appellatur
1039 1775 1183 1853 Amadei,
1203 1775 1233 1836 in
1259 1783 1378 1837 aestate
1407 1775 1512 1836 Festa·

359 1883 403 1942 tui
417 1891 469 1944 etc.
486 1885 530 1960 (p.
546 1888 608 1944 558
622 1885 692 1962 ap).
711 1884 865 1945 Nomina
886 1884 1098 1962 angelornm
1120 1882 1180 1959 qui
1203 1883 1378 1943 dicuntur
1399 1882 1511 1943 horae

360 1989 500 2051 dierum
530 1992 806 2070 respondentes
839 1993 916 2053 suis
946 1993 1115 2052 horarum
1137 1992 1290 2069 angelis.
1312 1991 1418 2050 Prima
1434 1991 1510 2050 hora

299 2098 337 2160 lt')
360 2097 472 2158 dicitnr
492 2099 583 2177 Yayn
605 2101 651 2178 (p.
672 2104 730 2159 557
748 2102 816 2178 sp).
839 2100 891 2161 De
912 2100 1092 2178 positivis
1119 2099 1335 2177 quibusdam
1363 2098 1511 2158 nomini·

360 2205 432 2264 bus.
457 2206 586 2265 Praeter
604 2205 676 2267 data
692 2208 815 2267 nomina
834 2215 905 2267 sunt
919 2207 1081 2284 quaedam,
1100 2226 1178 2284 quae
1195 2226 1232 2266 ex
1249 2207 1342 2268 rebus
1368 2207 1507 2266 omnibus

360 2311 570 2391 desumuntur,
590 2316 700 2391 quibus
726 2317 883 2395 proprium
912 2315 1054 2393 angelum
1075 2315 1152 2395 ipsis
1170 2312 1358 2393 praefectum
1376 2313 1510 2373 nominc-

360 2439 439 2496 mus;
451 2421 530 2480 unde
542 2422 698 2482 stellarum
715 2422 831 2483 animas
843 2444 901 2483 non
914 2431 1030 2483 temere
1047 2422 1270 2501 appellabimus
1284 2421 1434 2497 Sabatiel,
1452 2420 1510 2481 Va

361 2527 456 2587 neriel
474 2530 712 2607 ct‹3.(1lprippc,
728 2555 760 2607 p.
780 2534 863 2608 386).

295 2633 338 2695 20
442 2635 529 2695 XIV.
546 2635 598 2696 De
619 2638 706 2698 aliis
733 2639 941 2699 nominibus
970 2639 1195 2715 daemonum,
1215 2656 1305 2712 quae
1326 2635 1370 2696 ad
1392 2636 1508 2698 malos

361 2740 524 2803 homines
547 2744 718 2805 videntur
738 2747 935 2824 pertinere.
959 2747 1007 2806 Ita
1025 2745 1170 2805 Arenmia
1192 2752 1241 2804 est
1261 2743 1388 2803 daemon
1408 2744 1508 2804 cultus

363 2848 562 2909 Damascenis
586 2852 728 2929 (Remnia
749 2853 941 2914 simulacrum
958 2853 1031 2913 idoli
1055 2853 1236 2913 Damasceni
1256 2855 1321 2912 dire
1350 2853 1506 2929 rlprr'ppc,

358 2978 390 3033 p.
410 2962 568 3029 3S'r';nlle
596 2963 669 3036 prrnl
694 2968 812 3039 papirio
839 2967 981 3022 rimanda
999 2965 1023 3021 il
1050 2966 1150 3021 codice
1179 2969 1275 3020 siesse
1295 2964 1324 3020 in
1355 2983 1415 3018 nnn
1437 2967 1508 3018 irrita

363 3070 533 3142 nzarpinolo
552 3071 586 3126 di
607 3071 687 3125 citra
712 3088 813 3140 inane)
838 3078 889 3129 etc.
913 3070 1029 3131 Scimus
1051 3069 1143 3129 etiam
1164 3068 1350 3138 Membrot-h,
1374 3068 1509 3127 (lhodoe

297 3177 338 3238 25
363 3171 490 3250 laomor,
508 3176 622 3254 Balah,
639 3178 788 3237 Amalech
810 3176 906 3238 fuisse
927 3198 1030 3256 reges,
1053 3178 1103 3256 qui
1126 3176 1217 3260 [W]
1240 3176 1330 3237 modo
1348 3196 1403 3237 sno
1421 3195 1505 3234 caeo-

365 3280 529 3343 daemones
546 3284 748 3362 appellantur.

444 3392 516 3452 XV.
537 3393 588 3452 De
611 3393 750 3455 divinis
778 3394 993 3455 nominibus.
1016 3395 1092 3453 Sunt
1110 3393 1231 3454 aomina
1249 3393 1352 3454 divina
1375 3392 1509 3453 ominen-

364 3497 500 3558 tissimae
518 3499 654 3575 virtutis,
673 3521 751 3576 5555
768 3501 799 3559 in
816 3503 974 3580 proposito
994 3510 1115 3580 oportet
1132 3522 1193 3560 non
1214 3500 1368 3577 ignorare;
1400 3501 1505 3559 hornm

363 3605 511 3681 quaedam
530 3609 685 3684 pertinent
702 3609 740 3666 ad
758 3610 945 3669 hierarchias
967 3619 1083 3686 ternas,
1102 3628 1229 3685 quarum
1252 3608 1392 3684 singulae
1411 3607 1509 3666 trihus

298 3712 342 3775 30
365 3712 588 3775 distrilnmntur
605 3716 775 3791 ordinibus,
795 3719 845 3793 qui
864 3719 992 3777 Curetes
1011 3719 1205 3796 appellantur
1224 3727 1275 3777 cto.
1296 3718 1307 3795 (
1312 3742 1342 3793 p.
1363 3717 1507 3792 :llll-:lib

366 3821 502 3880 Prinmm
529 3821 636 3882 horum
664 3825 816 3884 nominum
842 3833 891 3883 est
918 3826 1013 3885 Eheie
1041 3835 1092 3884 etc.
1126 3824 1297 3885 Secnmlnm
1325 3842 1433 3881 nornen
1462 3831 1511 3881 est

366 3927 422 3986 Iod
441 3937 492 3987 etc.
515 3930 618 3988 Primo
647 3931 761 3989 nomini
787 3932 954 4009 respondet
979 3933 1146 3992 numeratio
1176 3934 1281 4003 (intera
1303 3929 1436 3989 coeundo
1459 3947 1510 3986 nn·

365 4036 492 4094 meratio
515 4037 655 4096 Hoehma
683 4038 764 4098 idest
792 4040 943 4117 sapientia
971 4037 1177 4120 etc-{W}
1199 4038 1332 4098 l'rinmm
1354 4035 1454 4095 inlinit
1479 4035 1510 4095 in

365 4144 523 4221 Seraphim
541 4165 618 4220 qnos
636 4146 771 4205 Hebraei
790 4156 899 4207 vocant
917 4146 1018 4206 lluiod
1038 4147 1213 4206 llocatosch
1233 4155 1284 4206 cte.

371 4324 473 4331 ιι...-.-
484 4327 491 4331 .

459 4434 473 4483 ῖ
487 4436 597 4500 hyemis
610 4437 641 4487 Μ
704 4438 735 4486 18
747 4441 858 4487 animoa
873 4437 907 4500 (i)
922 4437 952 4486 ⁴l!
1015 4438 1054 4487 82.
1064 4438 1096 4487 85
1107 4435 1136 4486 iu
1149 4452 1235 4502 ruarp.
1249 4436 1276 4483 d'
1285 4437 1361 4486 altra
1371 4451 1450 4485 orario
1460 4436 1510 4487 Oa·

365 4515 533 4568 balistarum
544 4519 678 4582 dogmata
689 4519 739 4569 fol.
754 4521 785 4569 57
799 4517 877 4582 trior:
894 4519 1103 4571 cabalistarum
1118 4520 1269 4569 selectiora
1283 4517 1510 4584 obscurioraque
