3488 5108
728 904 1123 1003 PRAEFATIO

460 1156 510 1221 IN
540 1155 806 1222 LAMPADEM
834 1153 1065 1224 TRIGINTA
1095 1154 1392 1222 STATVARVM.

446 2064 593 2130 Animae
621 2063 803 2130 veritatem
832 2085 904 2129 esse
931 2063 1061 2146 cibum,
1087 2069 1208 2151 utpote
1237 2085 1324 2150 quae
1352 2062 1389 2128 in
1419 2063 1492 2130 eius

359 2190 604 2273 substantiam,
618 2189 727 2255 veluti
740 2189 918 2276 proprium
936 2187 1199 2271 nutrimentum,
1216 2187 1493 2254 transmutabilis

314 2315 335 2379 5
358 2321 423 2399 est,
443 2317 534 2402 [esse]
556 2320 701 2381 oonstat.
727 2313 898 2381 Perfeotio
921 2321 956 2380 et
979 2313 1058 2380 finis
1081 2312 1183 2379 huius
1207 2312 1414 2379 nutrimenti
1438 2321 1491 2380 est

360 2443 476 2509 lumen
496 2440 810 2529 contemplationis
839 2463 907 2527 quo
931 2441 1069 2507 animus
1093 2445 1209 2505 noster
1232 2438 1340 2505 oeulis
1364 2437 1496 2504 intelli·

359 2568 497 2655 gantiae
515 2568 665 2656 primurn
685 2567 824 2655 quidem
839 2567 945 2634 solem
963 2566 1095 2653 primae
1112 2564 1281 2648 veritatis,
1299 2562 1423 2629 deinde
1439 2586 1491 2647 aa,

361 2716 447 2780 quae
466 2693 556 2760 eirca
575 2694 689 2781 ipsum
713 2699 808 2775 sunt,
832 2692 927 2758 valet
953 2690 1090 2757 intueri.
1119 2688 1282 2756 Iuventio
1309 2689 1497 2776 particula·

360 2821 450 2886 rium
473 2827 525 2886 est
547 2819 658 2885 veluti
679 2819 792 2906 prima
820 2817 888 2884 eibi
916 2815 1158 2905 apprehensio,
1181 2815 1319 2882 collatio
1343 2814 1496 2903 ipsorum

295 2947 338 3014 10
360 2947 397 3013 in
412 2947 569 3013 sensibus
585 2946 732 3012 internis
748 2952 800 3012 est
814 2944 923 3010 veluti
939 2942 1087 3030 digestio
1102 2942 1284 3028 quaedam,
1301 2942 1498 3008 intellectus

360 3071 513 3159 perfecta
543 3071 743 3138 informatio
771 3077 823 3136 est
850 3069 989 3136 tandem
1017 3068 1256 3156 cognitionum
1275 3066 1498 3156 perfeetionis

360 3204 497 3264 nostrae
514 3196 550 3262 in
565 3197 740 3284 praesenti
759 3202 865 3279 statu,
882 3195 926 3261 ad
945 3217 1061 3282 quern,
1081 3193 1190 3261 veluti
1207 3194 1250 3260 ad
1267 3194 1402 3260 animae
1419 3193 1501 3259 viri·

360 3322 496 3390 litatem
508 3331 542 3389 et
553 3323 741 3410 perfectam
756 3323 1030 3407 consistentiam,
1047 3345 1177 3408 omnes,
1196 3320 1255 3409 qui
1271 3331 1397 3388 natura
1413 3319 1500 3385 scire

361 3449 571 3534 desiderant,
592 3450 786 3538 promoveri
805 3451 1064 3537 concupiscunt.
1083 3451 1159 3516 Hoo
1179 3449 1301 3516 habitu
1320 3446 1446 3515 imbuti
1465 3454 1500 3511 et

296 3578 340 3642 15
362 3578 558 3646 istiusmodi
574 3577 785 3645 corroborati
801 3577 978 3661 alimento,
995 3577 1033 3643 in
1049 3601 1088 3643 ea
1102 3577 1332 3664 intelligimur
1347 3600 1419 3643 esse
1436 3575 1501 3643 dis·

363 3705 546 3793 positione,
572 3728 639 3791 qua
661 3726 723 3791 per
743 3712 852 3770 artem
876 3711 911 3769 et
934 3704 1114 3770 seientiam
1133 3703 1171 3770 in
1190 3703 1351 3791 operibus
1374 3701 1501 3769 intelli-

363 3834 501 3920 gentiae
519 3832 768 3921 progredimur.
787 3831 1048 3919 Experientiam
1067 3831 1159 3897 enim
1184 3854 1244 3897 seu
1266 3830 1429 3919 peritiam
1452 3854 1501 3897 se-

455 4098 583 4150 ssoibum
597 4112 659 4149 esse
674 4098 824 4148 veritatem
840 4096 873 4146 M
932 4095 1085 4148 babtismo
1101 4093 1245 4147 cancellato
1266 4111 1330 4146 essa
1393 4098 1424 4147 10
1440 4113 1502 4150 son·

365 4183 445 4234 sibus
460 4183 588 4232 externis
606 4186 635 4230 et
652 4178 775 4283 internis
791 4178 824 4228 M
885 4181 914 4229 11
936 4178 1146 4242 cognitionum,
1172 4195 1190 4226 a
1213 4183 1311 4241 querito
1327 4177 1444 4240 sembra,
1462 4181 1500 4231 A:

365 4302 550 4364 angmentum
574 4296 607 4346 M
675 4298 704 4347 ll
736 4257 879 4346 nformatio
901 4297 924 4344 A
996 4294 1112 4345 tandem
1128 4293 1253 4343 AM:tu'r
1272 4297 1445 4360 (=tantum)
1463 4312 1503 4346 ao·

364 4396 471 4444 praaer.
486 4377 519 4428 M
578 4378 609 4427 12
626 4377 716 4427 veluti
730 4376 751 4425 A
764 4393 770 4426 :
785 4391 827 4442 qs.
844 4378 988 4443 (:quasi)
1000 4375 1033 4425 M
1094 4376 1124 4426 18
1140 4376 1190 4441 qui
1206 4374 1243 4424 A:
1263 4375 1293 4425 in
1306 4374 1365 4441 (alc)
1378 4376 1420 4426 M:
1432 4392 1502 4441 par·

366 4459 440 4511 ratde
447 4457 608 4525 preseritila
620 4458 688 4524 quia
751 4459 781 4508 15
797 4456 986 4523 intelligimur
1000 4457 1041 4506 M:
1056 4455 1230 4522 intelligitur
1244 4456 1303 4522 (sic)
1317 4459 1340 4506 A
