3488 5108
290 386 348 442 386
731 393 870 438 IORDANI
890 393 992 438 unvui

290 562 416 636 terrae,
436 552 526 618 utin
542 551 632 617 lacte
648 558 682 617 et
700 550 878 638 sanguine.
893 549 981 614 Item
999 556 1081 615 sunt
1099 547 1268 634 quaedam
1284 548 1436 630 humida,

292 679 329 744 in
349 679 477 764 quibus
496 686 547 744 est
566 677 645 765 plus
664 683 790 760 terrae,
811 683 850 742 ut
869 678 1000 742 nitrum
1019 682 1055 740 et
1074 675 1124 740 sal
1157 680 1192 740 et
1211 674 1343 763 lapides
1362 675 1437 761 qui-

292 804 386 888 darn,
418 804 478 890 qui
498 804 542 869 ad
569 803 634 869 hoo
651 825 761 890 genus
790 801 911 868 referri
936 802 1100 867 videntur
1118 809 1153 866 et
1181 800 1341 867 similiter
1361 822 1439 866 con-
1523 859 1543 885 ἦ

293 936 459 995 crescunt.
473 929 606 993 Alecto
624 929 652 993 si
669 950 740 993 non
755 935 956 993 amoveatur
972 951 1099 1011 serum,
1116 926 1218 992 facile
1235 927 1439 1012 decoquitur

249 1065 270 1127 5
293 1055 337 1119 ab
352 1055 434 1141 igne
453 1053 579 1137 (uritur
593 1053 734 1117 enim'et
753 1060 917 1139 evaporat
936 1052 1026 1118 sicut
1045 1058 1159 1137 aqua),
1181 1059 1338 1140 separato
1358 1073 1438 1117 vero

294 1200 382 1264 sero,
407 1178 499 1264 quod
523 1185 575 1243 est
601 1199 767 1262 aqueum,
798 1185 834 1242 et
857 1177 1014 1243 adhibito
1034 1177 1192 1263 coagulo,
1217 1177 1309 1263 quod
1328 1177 1439 1264 magis

294 1303 554 1392 spissitudinem
573 1302 670 1368 illius
690 1300 875 1385 confortet,
896 1308 994 1368 tanto
1011 1302 1160 1390 amplius
1179 1303 1390 1368 incrassatur
1406 1308 1441 1366 et

295 1431 409 1495 minus
428 1429 484 1495 vel
503 1428 647 1493 minime
671 1434 836 1515 evaporat
855 1434 889 1492 et
912 1428 1023 1513 magis
1050 1426 1173 1493 nutrit.
1192 1427 1323 1493 Eadem
1351 1426 1441 1492 ratio

296 1560 348 1619 est
367 1553 405 1618 in
424 1553 610 1639 sanguine,
631 1559 671 1618 ut
696 1561 891 1619 concrescat
915 1553 1045 1618 seilicet
1066 1553 1207 1638 aliquod
1229 1553 1389 1619 exiccans
1407 1558 1441 1616 et

231 1701 274 1765 10
296 1679 516 1766 infrigidans.
549 1679 699 1766 Sanguis
730 1683 908 1747 morbosus
941 1704 1012 1746 non
1032 1682 1223 1748 concrescit
1252 1682 1306 1746 vel
1326 1680 1441 1746 minus

295 1805 499 1888 concrescit,
529 1805 658 1871 saniosi
678 1805 861 1890 sanguinis
880 1807 1019 1892 signum
1048 1813 1191 1872 estnon
1216 1827 1440 1871 concrescere.

295 1933 345 1997 Ea
366 1954 453 2016 quae
478 1937 703 1996 concrescunt
730 1930 858 2015 frigido
878 1938 913 1995 et
932 1930 1036 2013 sicce,
1065 1930 1253 1996 solvuntur
1276 1929 1386 1996 calido
1406 1936 1441 1995 et

295 2056 449 2139 humido,
466 2062 500 2120 et
514 2055 590 2121 ideo
603 2056 684 2141 igne
696 2062 730 2119 et
746 2076 846 2139 aqua.
865 2055 973 2140 Atqui
990 2055 1052 2139 eis,
1070 2077 1158 2140 quae
1174 2077 1195 2120 a
1210 2054 1344 2121 duobus
1361 2076 1440 2120 con·

297 2187 468 2266 creseunt,
486 2180 612 2246 accidit
629 2187 667 2245 ut
686 2181 757 2245 sint
771 2179 981 2263 insolubilia,
995 2181 1084 2246 siout
1100 2181 1243 2262 lateres3
1264 2179 1314 2245 ibi
1333 2179 1441 2263 enim,

233 2321 273 2384 15
297 2328 376 2371 cum
402 2304 553 2371 calidum
577 2305 793 2387 exudaverit,
817 2304 1009 2392 plurimum
1035 2304 1216 2371 humidum
1245 2302 1441 2391 comprimi-

297 2437 356 2496 tur
375 2454 394 2496 a
413 2429 557 2517 frigido,
578 2437 613 2495 et
630 2439 813 2517 propterea
840 2453 952 2516 neque
973 2453 993 2496 a
1012 2431 1123 2496 calido
1142 2453 1254 2515 neque
1272 2453 1292 2496 a
1311 2427 1441 2515 frigido

298 2557 336 2621 in
355 2557 498 2623 eandem
518 2557 666 2622 formam
687 2558 884 2641 solvuntur,
904 2558 954 2623 ita
973 2558 1066 2623 enim
1082 2558 1170 2624 solvi
1191 2559 1354 2624 convenit
1372 2559 1440 2643 his,

301 2703 386 2766 quae
405 2705 425 2747 a
444 2680 573 2767 frigido
593 2682 665 2748 solo
685 2689 921 2767 concrescunt,
942 2691 981 2748 ut
997 2683 1111 2749 lutum
1130 2683 1262 2770 frigore
1277 2683 1442 2771 inspissa-

299 2813 386 2888 tum,
406 2809 476 2872 nix.
496 2809 641 2872 Ferrum
677 2831 696 2871 a
721 2808 832 2873 calido
855 2807 1081 2893 liquefactum
1107 2812 1179 2895 [est]
1205 2817 1239 2874 et
1258 2833 1278 2874 a
1312 2809 1441 2897 frigido

233 2944 277 3006 20
299 2955 435 2998 rursum
459 2948 679 2999 concrescens
703 2940 754 2998 est
783 2933 976 3003 insolubile.
997 2935 1110 3020 Ligna
1134 2934 1264 2999 habent
1282 2941 1358 3000 tum
1377 2942 1444 3000 ter·

299 3080 373 3123 ram
394 3065 469 3124 tum
488 3069 610 3143 aerem,
636 3071 670 3126 et
689 3058 766 3125 ideo
785 3082 855 3125 non
875 3066 955 3124 sunt
978 3060 1159 3144 liquabilia
1179 3083 1290 3146 neque
1310 3062 1445 3127 mollifi-

300 3183 438 3266 cabilia,
456 3184 515 3249 sed
534 3185 703 3267 ustibilia,
725 3193 759 3250 et
780 3185 860 3270 quia
879 3184 1009 3250 habent
1024 3185 1102 3271 plus
1121 3185 1210 3251 aeris
1231 3185 1308 3252 ideo
1329 3210 1445 3275 super·

300 3314 423 3374 natant
442 3331 559 3393 aquae.
591 3310 645 3374 Ex
665 3309 825 3376 omnibus
853 3333 934 3375 vero
958 3311 1047 3396 ligni
1077 3310 1262 3395 generibus
1291 3311 1444 3377 hebenus

301 3433 410 3498 solum
430 3457 500 3499 non
520 3440 633 3518 natat,
655 3435 736 3519 quia
755 3435 833 3522 plus
853 3435 957 3499 estin
977 3435 1053 3521 ipsa
1083 3442 1194 3500 terrae
1215 3458 1319 3520 quam
1339 3438 1443 3522 ae'ris,

234 3573 277 3635 25
301 3559 361 3645 qui
391 3567 485 3626 totus
504 3561 560 3625 vel
590 3561 719 3626 multus
743 3559 955 3646 evaporavit.
985 3560 1110 3625 Fictile
1129 3583 1229 3648 vero,
1258 3569 1442 3649 postquam
1468 3568 1609 3631 54v0

301 3684 408 3750 fuerit
427 3685 508 3771 igne
528 3684 726 3768 solidatum,
746 3691 857 3749 terrae
874 3693 925 3749 est
944 3686 1065 3766 solum,
1086 3709 1198 3770 neque
1216 3695 1335 3773 postea
1355 3710 1445 3773 aqua

301 3810 467 3894 solvitur3
498 3816 682 3897 postquam
701 3809 792 3874 enim
814 3809 1000 3893 concrevit,
1026 3810 1085 3874 illa
1105 3833 1174 3876 non
1194 3811 1299 3875 habet
1320 3811 1450 3876 introi·

301 3945 376 4003 tum
396 3962 458 4025 per
487 3960 603 4026 poroS,
624 3961 685 4025 per
705 3960 789 4022 quos
823 3937 966 4022 spiritus
991 3939 1152 4003 subtilior
1182 3939 1304 4022 exivit,
1333 3961 1445 4024 neque

302 4064 453 4129 solvitur
471 4065 564 4149 igne,
586 4064 665 4149 quia
683 4065 757 4149 ipse
777 4064 900 4148 co'e'git.

396 4374 426 4423 13
443 4375 533 4438 Atqui
545 4375 586 4423 eis
603 4374 648 4439 (cs.
664 4373 714 4422 Ar.
726 4389 756 4438 p.
773 4375 839 4423 384b
857 4376 882 4437 6)
896 4372 953 4422 noi:
971 4372 1108 4437 aqusisO
1169 4375 1200 4421 19
1217 4375 1387 4424 cancelliamo
1401 4381 1446 4425 est

306 4455 351 4515 (cs.
367 4455 419 4503 Ar.
430 4469 459 4517 p.
474 4454 541 4502 384‘2
560 4455 603 4518 14)
668 4454 700 4503 28
716 4452 882 4504 subtiliores
894 4454 949 4503 ivit
969 4454 1000 4517 0,
1015 4469 1059 4501 ora
1073 4454 1107 4515 cs.
1122 4453 1172 4502 Ar.
1187 4469 1215 4516 p.
1228 4456 1294 4503 384⁶
1312 4457 1344 4505 21
