3488 5108
740 411 882 456 rounam
903 411 1005 457 BRVNI

818 686 934 727 Dcflultlo.

394 892 520 977 Itaque
558 889 740 955 materiam
778 887 961 954 definimus
998 888 1173 975 primum
1217 887 1448 956 subiectum

305 1017 591 1102 uniuscuiusque,
617 1014 653 1079 id
676 1020 728 1080 est
746 1015 896 1101 primurn
913 1013 1105 1080 subiectum
1124 1036 1196 1079 nen
1215 1014 1258 1079 ad
1282 1015 1450 1101 quaedam

304 1141 366 1208 sed
380 1140 424 1206 ad
440 1140 570 1224 omnia,
584 1144 706 1227 utpote
722 1139 812 1225 qued
829 1139 923 1205 omni
938 1138 1069 1204 formae
1084 1139 1237 1204 naturali
1253 1138 1448 1226 subiicitur,

259 1267 428 1355 linempe
457 1266 657 1332 immediate
689 1265 835 1332 formam
866 1265 1129 1332 substantialem
1159 1265 1344 1353 recipiens,
1380 1288 1449 1353 qua

305 1392 480 1459 mediante
514 1368 662 1458 subinde
684 1391 815 1457 formae
839 1389 1067 1457 accidentales
1101 1396 1373 1478 consequuntur,
1401 1390 1446 1456 ad

304 1517 538 1583 differentiam
572 1518 717 1583 aliorum
742 1516 988 1600 subiectorum,
1020 1537 1109 1601 quae
1144 1522 1226 1581 sunt
1257 1516 1449 1603 composita

304 1652 426 1733 utpote
445 1649 603 1732 respectu
622 1643 852 1710 accidentium
875 1649 1013 1709 tantum
1032 1643 1271 1727 fundamenta,
1293 1665 1449 1729 quaeque

304 1776 385 1837 sunt
421 1769 613 1857 composita
645 1791 768 1857 nempe
799 1768 994 1834 constantia
1018 1791 1059 1833 ex
1081 1769 1193 1856 primo
1224 1767 1380 1835 subiecto
1413 1774 1449 1833 et

237 1899 281 1965 10
305 1896 526 1963 substantiali
546 1897 666 1963 forma.

393 2021 551 2088 Secunde
571 2022 698 2087 dicitur
717 2045 763 2088 ex
783 2045 858 2109 quo
882 2022 927 2087 fit
950 2023 1120 2110 aliquid,
1145 2045 1235 2089 cum
1258 2024 1374 2109 insit,
1400 2022 1444 2089 ad
1469 1978 1617 2132 {gig

304 2157 535 2223 differentiam
551 2157 772 2245 privationiS,
790 2182 832 2224 ex
851 2182 918 2246 qua
934 2158 974 2223 fit
993 2159 1139 2246 aliquid,
1160 2181 1238 2224 cum
1257 2181 1328 2224 non
1346 2158 1445 2243 insit,

304 2286 377 2352 eius
397 2286 488 2351 enirn
508 2287 695 2352 discessum
715 2293 851 2373 oportet
870 2310 955 2373 esse,
975 2294 1015 2352 ut
1034 2287 1181 2353 accessio
1200 2286 1263 2352 fiat
1281 2287 1421 2353 formae.

391 2411 509 2478 Tertio
534 2410 663 2476 dicitur
682 2432 761 2477 non
777 2412 997 2478 secundnm
1023 2412 1212 2478 accidens
1229 2413 1340 2478 inesse
1357 2434 1446 2478 com·

234 2548 277 2611 15
301 2536 425 2623 posite,
442 2536 484 2602 ad
502 2535 733 2602 (lifferentiam
753 2536 942 2603 formarum
955 2537 1238 2624 consequentium
1248 2538 1358 2626 ipsam
1368 2538 1445 2604 sul>-

303 2663 476 2728 stantiam.

392 2787 522 2865 Quarto
537 2788 579 2852 in
600 2809 715 2872 quam
735 2787 878 2853 ultime
899 2788 1057 2873 aliquid
1077 2788 1318 2873 resolvitur,
1336 2810 1444 2874 qnan-

301 2912 484 2999 doquidem
505 2920 556 2977 est
579 2914 731 3000 primum
754 2914 981 3001 principium,
1006 2921 1126 3001 utpote
1151 2915 1371 2999 elementum,
1402 2912 1444 2979 de

301 3040 398 3105 cirins
429 3039 562 3104 ratione
582 3045 635 3103 eat
654 3039 752 3104 iuxta
776 3040 815 3105 V.
848 3040 1222 3126 Met-aphysicorum
1245 3047 1285 3106 ut
1315 3041 1360 3106 sit
1392 3044 1444 3127 [ox

233 3173 277 3232 20
301 3168 378 3253 qua]
400 3187 525 3251 exque
544 3166 694 3252 primum
714 3172 748 3230 ct
768 3166 804 3231 in
821 3167 913 3253 quod
931 3167 1102 3233 ultimum.

389 3291 523 3357 Ultimo
543 3290 704 3356 adiicitur
722 3293 919 3379 praeposita
939 3294 1104 3377 conditio,
1130 3318 1254 3382 nempe
1279 3296 1369 3381 quod
1388 3298 1444 3362 sit

299 3415 600 3503 cognoscibilis
639 3418 859 3482 secundum
897 3419 1127 3504 analogiam
1165 3420 1212 3484 ad
1255 3420 1442 3505 formam,

299 3541 390 3626 qnod
400 3541 539 3627 quidem
550 3540 735 3628 dupliciter
750 3543 860 3625 valet;
876 3551 949 3608 tum
967 3545 1047 3629 quia
1063 3546 1233 3611 rationem
1250 3547 1343 3611 illius
1363 3570 1443 3612 con·

299 3666 469 3732 cludimus
481 3689 543 3753 per
559 3666 823 3732 similitudinem
836 3688 895 3732 seu
914 3670 1184 3756 proportionem,
1199 3693 1302 3756 quam
1312 3672 1443 3737 habent

232 3799 275 3862 25
298 3791 429 3856 formae
449 3791 647 3856 artificiales
671 3792 707 3856 in
732 3793 898 3875 subiecto,
921 3794 1012 3879 quod
1042 3804 1094 3860 cst
1125 3796 1366 3883 compositum,
1400 3797 1443 3863 ad

301 3918 431 3983 formas
450 3916 612 4004 physicas
632 3918 669 3982 in
689 3918 856 4001 subiecto,
882 3919 972 4004 quod
989 3928 1039 3985 est
1059 3921 1220 4009 simplex,
1241 3922 1442 3988 insensibile

390 4141 405 4189 8
423 4139 451 4190 id
465 4146 518 4199 est]
532 4147 562 4201 ÷
575 4141 600 4189 B
663 4143 677 4189 4
694 4143 770 4190 omni
786 4142 890 4205 (omnis
905 4142 945 4205 0¹)
959 4159 971 4190 e
984 4144 1111 4193 naturali
1130 4144 1152 4196 0
1161 4160 1167 4192 :
1185 4147 1279 4196 omnis
1297 4164 1309 4195 e
1327 4151 1442 4198 natura·

297 4221 334 4269 lis
357 4222 382 4270 B
445 4222 636 4287 'Icomposita
657 4222 694 4270 da
716 4223 886 4273 caracallam?
951 4225 1026 4274 tolo
1043 4224 1236 4276 substantiam
1257 4227 1289 4278 C:
1309 4229 1443 4278 substan-

299 4302 368 4351 tiam
386 4303 454 4352 itam
474 4318 532 4352 non
551 4303 708 4352 seeundum
726 4303 857 4353 accidens
878 4304 914 4353 ad
931 4303 1122 4355 differentiam
1137 4306 1311 4371 privationis
1332 4324 1368 4357 ox
1385 4324 1442 4372 qua

299 4385 355 4443 (mo
367 4382 435 4432 item
444 4383 650 4449 —privationis
663 4383 817 4445 cctnccllato)
831 4384 854 4433 B
902 4385 978 4436 1920
989 4383 1158 4436 cancelliomo
1169 4400 1202 4436 cx
1216 4402 1271 4453 qua
1319 4390 1349 4439 21
1364 4401 1441 4450 praa·

302 4464 405 4529 posita]
420 4482 437 4512 a
447 4480 476 4527 p.
488 4466 550 4513 191a
566 4464 598 4529 8,
611 4464 644 4528 ef.
657 4480 740 4528 sopra
749 4480 779 4528 p.
789 4465 853 4526 304,
867 4467 882 4514 5
