3488 5108
735 372 875 421 {onnam
896 372 998 421 imvm
1057 417 1060 421 .

551 690 626 766 DE
667 691 926 768 THETIDIS
964 692 1184 773 STATVA

606 834 711 911 SEV
740 836 815 910 DE
843 835 1116 914 SVBOEOTO.

376 1133 497 1200 Thetis
516 1134 617 1202 nobis
636 1156 793 1202 caussam
816 1133 1029 1200 materialem
1049 1132 1226 1221 designat:

376 1259 532 1327 Primum
553 1259 692 1346 quidem
711 1282 753 1324 ex
770 1257 835 1325 hoo
855 1257 946 1344 quod
965 1259 1052 1324 coeli
1070 1265 1105 1324 et
1123 1265 1235 1325 terrae
1254 1259 1326 1328 filia
1350 1262 1433 1328 diei·

242 1381 263 1444 5
287 1393 357 1471 tur,
377 1392 520 1453 notatur
533 1408 689 1455 caussam
701 1383 915 1451 materialem
927 1407 998 1450 non
1013 1407 1085 1451 esse
1100 1386 1281 1452 materiam
1300 1387 1432 1455 nudam

287 1534 347 1578 seu
366 1511 524 1578 umbram
544 1511 685 1594 nudam,
709 1507 768 1576 sed
793 1480 1020 1597 compositum
1045 1532 1086 1575 ex
1110 1511 1256 1578 materia
1280 1520 1315 1578 et
1337 1513 1430 1599 luoe;

286 1636 432 1704 materia
461 1636 553 1702 enim
583 1658 645 1723 per
676 1658 711 1701 se
742 1657 881 1702 caussae
913 1635 1084 1702 rationem
1121 1657 1191 1702 non
1223 1636 1341 1724 habet,
1371 1639 1430 1706 sed

285 1762 460 1851 principii.

375 1887 420 1953 II.
444 1887 582 1954 Dicitur
610 1886 798 1954 multarum
823 1887 975 1953 Deorum
998 1893 1122 1972 mater,
1152 1888 1234 1972 quia
1260 1911 1280 1955 a
1308 1910 1428 1956 caussa

220 2020 263 2085 10
285 2015 456 2083 materiali
475 2015 605 2082 multae
623 2016 752 2103 speeies
770 2037 886 2082 rerum
905 2024 1077 2082 emanant.

373 2141 437 2207 III.
461 2141 599 2208 Dicitur
624 2141 832 2228 pulcerrima
858 2141 1013 2207 omnium
1032 2141 1198 2224 Deorum,
1226 2142 1306 2228 quia
1332 2144 1426 2210 omni

283 2266 519 2355 pulcritudine
537 2268 730 2354 perficitur,
750 2267 812 2334 ubi
830 2267 1023 2333 subiectum
1046 2266 1242 2335 universale
1267 2270 1426 2337 omnibus

283 2392 404 2461 formis
423 2393 639 2461 informatur.

370 2518 430 2585 IV.
454 2519 528 2584 Dea
546 2517 651 2584 maris
670 2517 812 2604 dicitur,
833 2517 915 2604 quia
932 2517 1043 2583 omnis
1060 2517 1229 2585 subiectio
1248 2524 1283 2584 et
1302 2520 1427 2587 forma

218 2645 260 2712 15
283 2643 333 2709 tio
353 2650 410 2728 est,
423 2643 467 2709 ab
487 2616 576 2731 aqua
595 2650 629 2708 et
648 2666 710 2730 per
733 2665 871 2729 aquam3
897 2641 987 2708 unde
1011 2665 1135 2729 aquam
1159 2644 1372 2732 principium
1391 2651 1427 2711 et

283 2770 436 2836 omnium
454 2771 661 2838 elementum
681 2770 873 2858 appellavit
892 2769 1030 2852 Thales,
1055 2778 1090 2835 et
1113 2769 1276 2836 Chaldaei
1299 2771 1425 2859 princi-

282 2897 380 2983 pium
393 2897 544 2963 activum
555 2896 749 2963 tribuentes
760 2896 837 2983 igni
849 2919 908 2962 seu
920 2895 1029 2962 stellis
1043 2919 1102 2962 seu
1114 2896 1219 2962 etiam
1230 2896 1307 2980 soli,
1320 2897 1427 2984 passi·

281 3046 363 3090 vum
384 3031 418 3089 et
436 3023 617 3090 formabile
635 3023 837 3090 tribuebant
853 3045 976 3110 aquae;
994 3022 1086 3089 unde
1098 3030 1133 3089 et
1145 3023 1255 3090 nostri
1271 3024 1421 3111 [habent]

282 3148 444 3235 spiritum
464 3157 498 3214 et
518 3149 633 3235 ignem
654 3155 912 3214 consumentem
936 3148 1044 3215 veluti
1068 3147 1217 3216 fovendo
1241 3170 1348 3235 aquas
1372 3171 1425 3215 res
1494 3153 1498 3159 ’

216 3283 260 3346 20
282 3296 448 3360 generare
467 3283 501 3340 et
520 3273 709 3362 producere
729 3274 858 3340 dieunt.

371 3401 411 3467 V.
436 3401 574 3466 Dicitur
592 3401 631 3466 in
651 3401 723 3467 eius
742 3401 908 3467 facultate
922 3425 1004 3483 esse,
1021 3409 1059 3467 ut
1079 3407 1220 3487 generet
1236 3401 1346 3468 filium
1366 3426 1425 3490 pa-

282 3532 379 3591 rente
391 3525 575 3608 meliorem,
588 3534 629 3592 ut
639 3528 880 3593 Prometheum
898 3528 974 3593 Diis
991 3527 1203 3614 significasse
1216 3527 1326 3608 aiunt3
1342 3528 1425 3613 quia

284 3651 462 3718 multoties
490 3652 534 3718 ab
563 3652 733 3719 efficiente
757 3652 924 3720 deteriore
948 3655 986 3719 in
1010 3654 1163 3720 subiecto
1187 3653 1299 3720 forma
1326 3677 1424 3742 prae·

283 3777 432 3843 stantior
450 3777 689 3844 exsuscitatur.

216 3905 259 3968 25
371 3902 429 3966 VI.
455 3900 746 3968 Concertantibus
778 3903 819 3967 de
847 3905 919 3969 eius
943 3905 1116 3970 connubio
1140 3906 1234 3987 Iove,
1260 3903 1422 3991 Neptuno
1449 3903 1569 3968 13¹7v

376 4190 443 4241 led
457 4208 609 4243 rnnrroree
626 4193 734 4254 Thetis]
757 4196 809 4246 cosi
833 4197 891 4261 qui,
908 4216 952 4248 'ma
968 4196 997 4249 in
1014 4202 1113 4265 sequitu
1131 4202 1254 4268 Thetys,
1275 4203 1422 4271 Thetydis‚

283 4273 398 4337 Thetyn
412 4280 457 4324 etc.
470 4276 494 4325 A
507 4276 597 4352 --.ll
608 4276 716 4327 18-14.
726 4279 758 4327 20
770 4281 810 4327 A:
824 4281 862 4329 14.
874 4281 985 4331 20-11.
997 4284 1026 4332 13
1040 4284 1072 4332 M
1133 4288 1162 4335 ll
1180 4288 1266 4346 omni]
1285 4303 1368 4336 aueua
1383 4304 1423 4337 co·

281 4350 406 4405 minciato
427 4355 464 4406 ob
488 4356 571 4420 (obus
591 4379 623 4402 =
643 4358 786 4422 omnibus)
809 4361 832 4408 A
896 4364 925 4412 17
946 4363 1032 4414 etiam
1055 4364 1109 4414 suli
1131 4368 1169 4415 A:
1194 4366 1263 4416 solis
1287 4368 1376 4420 radiis
1394 4368 1426 4419 Μ

283 4435 314 4484 18
327 4433 448 4485 abbiamo
462 4437 607 4488 cancellato
619 4439 726 4489 habant
774 4441 803 4489 21
817 4443 851 4508 cf.
867 4441 942 4493 ovid.
955 4443 1061 4496 Metam.
1081 4447 1118 4503 11,
1134 4447 1184 4496 221
1198 4462 1251 4512 sqq.
