3488 5108
263 367 322 424 286
681 379 821 426 rounam
841 378 943 426 savin

263 532 392 599 formas
420 557 479 599 seu
510 535 705 620 qualitates.
724 534 798 600 Alii
820 534 1039 621 accipiebant
1057 554 1167 599 unum
1197 554 1239 596 ex
1258 529 1406 596 sensibi-

263 656 355 723 libus
375 658 552 724 elementis
582 660 693 726 tribus
716 666 854 747 praeter
872 668 1012 741 terram,
1039 681 1127 745 quae
1156 680 1233 723 cum
1252 656 1404 722 maxime

264 785 418 851 omnium
438 786 484 851 sit
513 786 685 852 sensibilis
703 794 738 852 et
768 809 894 871 crassa,
919 787 1061 851 minime
1088 785 1273 851 videbatur
1300 784 1409 870 digna

247 893 402 977 nomine
424 910 599 999 principii.
620 912 692 978 Alii
711 935 791 979 vero
812 912 985 999 quoddam
1004 912 1156 978 medium
1174 913 1266 978 inter
1287 913 1407 998 ignem

219 1045 239 1109 5
264 1047 298 1104 et
320 1047 447 1122 ae'rem,
466 1034 590 1126 nempe
609 1037 673 1104 hoc
693 1039 831 1124 quidem
851 1038 1027 1122 subtilius,
1056 1040 1121 1106 hoc
1138 1061 1220 1105 vero
1241 1037 1403 1104 crassius.

264 1164 332 1242 Qui
358 1186 476 1232 omnes
495 1166 532 1230 in
552 1185 591 1231 eo
610 1166 835 1252 conveniunt,
857 1166 950 1252 quod
969 1166 1058 1233 eirea
1076 1189 1184 1233 unum
1204 1164 1404 1233 huiusmodi

263 1294 497 1380 intelligentes
517 1294 806 1378 contrarietatem,
820 1317 925 1381 penes
941 1316 1057 1360 rarum
1072 1302 1107 1361 et
1122 1294 1266 1360 densum
1287 1292 1406 1360 omnia

264 1419 408 1486 subinde
428 1419 641 1504 generabant
661 1420 759 1486 iuxta
777 1419 977 1485 innumeras
996 1419 1179 1486 densitatis
1195 1427 1231 1486 et
1250 1418 1407 1486 raritatis

264 1544 486 1610 differentias.
508 1544 513 1632 Ι
533 1545 685 1610 Rursum
706 1545 744 1609 in
772 1545 840 1611 duo
861 1545 976 1632 capita
999 1568 1117 1612 omncs
1142 1545 1321 1632 opiniones
1340 1544 1408 1611 dis·
1433 1552 1581 1617 20OE

201 1679 243 1743 10
265 1669 483 1735 tribuuntur:
517 1668 704 1777 aliienim,
725 1676 765 1734 ut
798 1670 953 1756 proxime
987 1670 1086 1754 dicti,
1124 1693 1165 1735 ex
1189 1669 1409 1757 simplicibus
1463 1691 1465 1697 ’

263 1796 388 1862 volunt
417 1794 600 1881 provenire
624 1795 827 1882 composita;
860 1795 919 1861 alii
937 1817 1033 1881 vero,
1053 1803 1093 1861 ut
1122 1796 1352 1882 Anaxagoras
1372 1802 1409 1860 et

266 1919 497 2008 Empedocles,
517 1920 640 1985 volunt
656 1942 697 1985 ex
713 1943 783 1986 uno
802 1921 991 2008 composito
1008 1944 1068 1987 seu
1086 1922 1193 1988 mixto
1210 1928 1245 1986 ot
1265 1919 1408 1987 confuso

264 2045 482 2132 posmodum
513 2045 741 2133 separationis
770 2046 885 2111 omnia
915 2068 1084 2112 emanare.
1104 2046 1282 2113 Differunt
1309 2047 1410 2113 istia

264 2170 568 2257 praecedentibus,
603 2170 685 2256 quia
718 2170 771 2235 illi
805 2171 1129 2257 contemplabantur
1162 2171 1334 2237 elementa
1368 2178 1404 2236 et

202 2312 242 2375 15
265 2296 438 2383 principia
457 2319 498 2362 ex
522 2296 738 2362 elementatis
757 2304 791 2361 00
818 2296 1054 2384 principiatis,
1080 2296 1133 2362 illi
1163 2318 1244 2362 vero
1264 2277 1412 2363 010100οᾸ

266 2428 339 2489 tata
358 2430 393 2488 et
412 2423 602 2510 composita
627 2423 953 2509 contemplabantur
985 2446 1027 2488 ex
1050 2423 1265 2510 simplicibus
1290 2430 1324 2488 00
1344 2423 1409 2489 ele·

266 2549 404 2631 mentia,
425 2548 515 2614 sicut
534 2548 638 2615 etiam
669 2547 795 2635 duplex
819 2548 902 2613 ordo
926 2548 1052 2614 accidit
1082 2549 1119 2613 in
1138 2549 1316 2637 proposito
1337 2570 1404 2633 quo

267 2675 391 2761 aliquis
409 2674 580 2739 rationem
604 2674 800 2738 litterarum
820 2681 853 2738 et
877 2674 1089 2760 syllabarum
1120 2675 1276 2761 inquirat
1295 2697 1338 2739 ex
1356 2696 1411 2740 ra-

266 2801 360 2867 tione
378 2800 561 2866 verborum
590 2822 649 2864 seu
669 2799 872 2883 dictionum,
904 2799 991 2865 alius
1010 2822 1091 2865 vero
1112 2800 1264 2865 rationes
1288 2799 1409 2866 verbo·

199 2936 243 2999 20
265 2949 341 2991 rum
361 2932 396 2990 et
415 2925 606 2990 dictionum
625 2948 665 2989 ex
686 2947 828 3010 eaquae
847 2926 1044 2991 litterarum
1064 2934 1098 2991 00
1118 2925 1340 3012 syllabarum.

353 3052 510 3136 Utraque
533 3049 799 3137 philosophandi
823 3053 912 3116 ratio
937 3051 1042 3138 digna
1067 3059 1131 3135 est,
1151 3053 1248 3117 utilis
1268 3075 1307 3117 ao
1327 3072 1405 3117 con·
1434 3052 1513 3117 12r
1529 3051 1566 3117 0

264 3177 406 3241 veniens
429 3177 527 3243 iuxta
551 3175 702 3241 diversos
726 3176 824 3260 fines,
846 3199 992 3262 quorum
1012 3177 1098 3241 alter
1118 3178 1229 3264 magis
1249 3182 1301 3241 est
1321 3175 1408 3241 acti-

264 3327 341 3389 vae,
367 3304 453 3369 alter
475 3304 586 3390 magis
611 3304 908 3391 contemplativus.
934 3305 1030 3369 Inter
1054 3305 1115 3369 hos
1136 3327 1216 3370 vero
1241 3303 1409 3370 secundos

265 3430 460 3496 differentia
480 3436 543 3512 est,
564 3453 688 3518 nempe
711 3431 802 3496 inter
826 3431 1068 3517 Empedoclem
1089 3440 1122 3496 et
1146 3431 1410 3517 ‘anaxagoram

199 3565 242 3630 25
266 3556 348 3642 <pria
368 3555 592 3641 Empedocles
612 3556 788 3623 multoties
807 3565 841 3620 et
865 3557 1032 3622 infinities
1058 3557 1134 3622 vult
1161 3584 1178 3619 a
1205 3585 1223 3619 a
1250 3583 1268 3619 s
1292 3581 1410 3643 quem-

265 3682 451 3749 admodum
483 3705 525 3747 ex
552 3705 620 3748 uno
647 3684 788 3748 confuso
813 3692 847 3749 et
871 3683 979 3748 mixto
1003 3683 1096 3750 facta
1120 3695 1172 3750 est
1196 3686 1410 3771 segregatio,

268 3808 318 3873 ita
337 3807 496 3873 facienda
514 3814 565 3874 est
584 3808 708 3872 iterum
725 3816 829 3894 atque
844 3808 969 3874 iterum
986 3809 1167 3894 infinities,
1185 3810 1313 3876 circulo
1329 3832 1410 3895 quo-

236 3925 239 3933 ’
267 3933 346 4000 dam
370 3942 405 4000 et
428 3933 668 4002 vicissitudine
692 3935 839 4019 quadam
863 3937 900 4001 in
923 3957 1038 4001 rerum
1061 3945 1186 4002 natura
1209 3942 1408 4024 perspecta;

362 4273 392 4323 12
416 4273 502 4323 misto
524 4273 551 4321 E
620 4273 650 4322 14
668 4274 694 4336 f.
717 4272 784 4338 quia
803 4273 833 4322 hi
905 4273 989 4322 19.·20
1013 4271 1297 4323 alius-dictionum
1318 4290 1366 4324 om.
1391 4274 1413 4326 O

269 4357 301 4405 25
316 4370 436 4420 aspirano
454 4370 509 4402 aris
527 4353 625 4402 racana
643 4354 708 4416 (per
736 4369 769 4403 os.
789 4353 1033 4417 (segregationem
1055 4353 1129 4417 fieri,
1145 4356 1212 4416 ot)),
1233 4370 1246 4403 c
1264 4352 1293 4403 in
1312 4353 1411 4419 sepulto

270 4436 335 4485 sart
350 4437 387 4484 da
400 4433 516 4484 scrivere
528 4433 688 4484 faciendam
704 4449 766 4484 esse
780 4440 824 4482 elo.
