3488 5108
910 402 1048 447 munem
1070 401 1172 446 unvai

844 641 991 681 Vinciblllum
1007 630 1123 681 n'umerua.
1139 640 1189 679 Art.
1205 641 1234 679 x.

556 818 830 906 Contemplativi
848 841 868 883 a
887 817 1103 883 sensibilium
1118 816 1309 904 specierum
1325 824 1473 903 aspectu
1490 812 1639 880 divinis

468 943 682 1027 vinciuntur,
703 943 900 1032 voluptuosi
918 966 980 1030 per
998 943 1112 1008 visum
1139 941 1183 1008 ad
1202 942 1369 1028 tangendi
1397 941 1544 1029 copiam
1573 939 1639 1005 de·

468 1068 649 1153 scendunt,
669 1068 775 1135 ethici
801 1070 839 1134 in
867 1069 1095 1135 conversandi
1116 1067 1381 1135 oblectationem
1407 1066 1635 1148 trahuntur;

423 1195 444 1258 5
467 1195 572 1283 primi
600 1195 729 1261 heroici
756 1194 948 1279 habentur,
968 1194 1110 1261 secundi
1132 1193 1322 1277 natura-les,
1343 1193 1440 1259 tertii
1465 1195 1637 1259 rationa-

467 1321 532 1403 les;
553 1320 655 1408 primi
681 1321 833 1403 altioreS,
854 1321 995 1387 secundi
1019 1320 1212 1402 inferiores,
1237 1320 1333 1384 tertii
1361 1317 1487 1402 medii3
1514 1317 1634 1405 primi

468 1446 631 1512 dicuntur
649 1447 786 1512 aethere
806 1446 917 1534 digni,
950 1446 1091 1512 secundi
1120 1446 1208 1530 vita,
1232 1444 1328 1510 tertii
1358 1466 1481 1525 sensu;
1512 1442 1634 1531 primi

468 1572 659 1638 ascendunt
678 1572 721 1638 ad
741 1573 866 1656 Deum,
884 1573 1025 1638 secundi
1044 1572 1188 1638 haerent
1207 1569 1423 1658 corporibuS,
1448 1569 1556 1634 tertii
1583 1567 1633 1633 ab

469 1698 577 1763 altero
597 1705 828 1763 extremorum
846 1698 1025 1782 recedunt,
1046 1697 1147 1763 alteri
1167 1696 1461 1784 appropinquant.

872 1919 992 1961 vincibilis
1006 1925 1089 1961 motus.
1104 1921 1155 1960 Art.
1172 1921 1212 1961 xl.

558 2099 600 2163 In
636 2099 738 2165 rebus
771 2100 971 2186 compositis
1005 2107 1039 2165 ct
1071 2100 1313 2184 variabilibus,
1342 2110 1377 2166 et
1408 2101 1557 2166 omnino
1591 2099 1633 2165 in

470 2225 631 2291 omnibus
650 2249 737 2312 quae
756 2225 950 2293 novitatem
968 2233 1113 2292 naturae
1133 2234 1168 2291 et
1195 2226 1432 2314 dispositionis
1452 2227 1630 2312 subeant,

471 2352 662 2419 cuiusmodi
682 2361 734 2416 est
753 2352 869 2418 anima
888 2358 923 2417 et
947 2353 1106 2439 spiritus,
1132 2353 1192 2439 qui
1210 2354 1303 2419 vices
1333 2353 1447 2418 varias
1467 2375 1532 2439 per
1553 2375 1634 2419 cor-

470 2501 556 2565 pora
584 2487 618 2544 et
649 2499 830 2564 corporum
858 2477 1027 2544 motiones
1058 2487 1238 2545 assumunt
1265 2479 1436 2565 (quemvis
1469 2486 1632 2565 utraque

409 2608 446 2670 lb
471 2603 666 2670 substantia
686 2604 723 2668 in
742 2626 804 2668 sua
824 2603 1048 2690 simplicitate
1067 2604 1349 2671 constantissima
1361 2605 1407 2670 sit
1419 2611 1453 2669 et
1467 2611 1633 2686 aeterna,

471 2735 512 2795 ex
531 2730 727 2817 privatione
746 2729 851 2794 habet
871 2730 1079 2816 appetitum,
1103 2753 1144 2794 ex
1169 2731 1328 2817 appetitu
1358 2730 1561 2818 appulsum,
1584 2753 1633 2795 ex

454 2857 619 2943 ‚appulsu
640 2866 786 2936 motum,
807 2878 848 2918 ex
876 2864 970 2919 motu
991 2855 1220 2938 solutionem).
1241 2856 1326 2921 Inde
1346 2856 1479 2920 nullum
1499 2854 1633 2920 vincu-

472 2983 545 3047 lum
565 2990 616 3046 est
635 2989 826 3060 aeternum,
848 2980 907 3045 sed
927 2981 1183 3046 vicissitudines
1202 2990 1284 3047 sunt
1303 2982 1448 3047 carceris
1468 2989 1502 3045 et
1519 2981 1633 3046 liber-

474 3107 573 3189 tatis,
593 3105 725 3171 vinculi
745 3113 780 3169 et
800 3105 981 3170 solutionis
1000 3129 1019 3170 a
1038 3106 1189 3187 vincido,
1205 3108 1259 3170 vel
1275 3107 1391 3193 potius
1410 3106 1631 3192 demigratio

407 3233 450 3295 20
474 3232 517 3296 ab
538 3255 606 3296 nna
625 3231 668 3295 ad
688 3229 792 3295 aliam
812 3231 943 3295 tinnuli
963 3231 1120 3316 speciem.
1141 3231 1248 3316 quue
1274 3239 1314 3296 ut
1337 3231 1494 3297 naturale
1514 3242 1571 3298 est
1590 3244 1633 3298 et

474 3365 648 3421 aeternam
665 3379 779 3420 rerum
797 3355 1030 3420 conditionem
1047 3357 1232 3439 antecedit,
1246 3356 1496 3420 concomitatur
1515 3365 1631 3442 atque

474 3481 705 3564 consequitur,
727 3481 776 3545 ita
798 3488 921 3545 natura
940 3481 1109 3545 varietate
1129 3490 1163 3545 et
1183 3490 1278 3545 motu
1298 3481 1420 3562 vincit,
1438 3488 1472 3544 et
1488 3504 1547 3545 ars
1565 3504 1632 3546 na-

474 3616 571 3670 turae
591 3606 795 3670 aemulatrix
815 3606 954 3670 vincula
978 3605 1201 3692 multiplicat,
1233 3606 1361 3688 variat,
1393 3606 1629 3690 diversificat,

475 3730 612 3794 onlinat
636 3737 669 3795 et
689 3730 880 3795 successiva
901 3730 1049 3816 (piladem
1069 3731 1153 3796 serie
1179 3731 1364 3816 componit.
1391 3730 1509 3796 Status
1539 3755 1630 3818 quo-

409 3863 451 3923 ‘25
475 3879 541 3941 que
561 3879 667 3939 usquo
687 3856 770 3920 adeo
790 3880 809 3921 a
829 3857 930 3921 rebus
948 3855 1122 3938 abhorret,
1143 3865 1181 3921 ut
1198 3856 1372 3922 interdum
1389 3857 1493 3922 etiam
1510 3858 1549 3922 in
1567 3882 1628 3925 ve

476 3981 579 4046 titum
596 3982 749 4046 nitamur
768 3983 879 4067 magis
899 3990 933 4046 ot
953 3983 1025 4047 eius
1050 3982 1216 4048 desiderio
1244 3984 1393 4070 antiolius
1417 3983 1627 4052 afficiamur.

476 4184 502 4190 —-
508 4181 730 4189 Ψ*
735 4181 1136 4190 —--—-———....-.....-—-..—.
1146 4184 1616 4195 ——-—-.—.-——--——,

568 4317 618 4367 2.9
634 4318 668 4377 cs.
688 4335 718 4380 p.
744 4319 805 4377 642,
820 4320 912 4366 15-21.
924 4319 983 4373 650,
995 4320 1082 4366 ris-30
1156 4317 1171 4365 3
1188 4316 1308 4381 copiam]
1329 4315 1366 4366 ric
1385 4315 1425 4366 ti:
1443 4309 1626 4384 concubium

476 4397 540 4461 (vioe
554 4399 829 4462 concupiscentium)
847 4399 887 4446 131·
902 4397 945 4447 ἰινὶ
959 4397 1049 4461 [trophi
1063 4396 1139 4448 citati
1203 4400 1230 4446 11
1243 4413 1296 4461 sqq.
1315 4415 1411 4447 riranco
1427 4414 1475 4461 per
1491 4402 1629 4450 maricola-

476 4477 514 4527 lic
530 4479 556 4527 lo
568 4476 757 4542 proposirionc
767 4477 924 4543 principale
988 4479 1027 4527 25.
1040 4480 1071 4528 26
1088 4479 1162 4541 cslp.
1177 4480 1287 4536 651,12.
1305 4478 1381 4529 ovid.
1398 4477 1488 4528 Anicr.
1503 4481 1530 4539 3,
1547 4482 1575 4540 4,
1593 4484 1628 4530 17
