3488 5108
638 421 683 464 uu
704 420 857 466 vmcvms
877 422 912 466 m·
934 422 1074 467 emus.
1366 407 1425 469 697

285 584 478 662 sectantur,
496 600 568 644 uon
586 574 728 662 imbres,
754 600 826 644 non
844 577 976 666 frigora
995 578 1253 667 pertimescunt.
1278 578 1354 658 Quo
1374 601 1426 647 ar-

283 710 451 789 gumento
467 701 670 790 Aristippus
693 724 892 790 corpoream
909 703 1124 791 voluptatem
1140 704 1428 792 potissimumque

284 827 474 894 Veneream
489 851 661 895 summum
674 829 803 895 bonum
817 831 949 911 statuit,
965 830 1024 897 sed
1033 831 1084 896 illi
1101 837 1182 896 ante
1195 830 1311 897 oculos
1326 829 1428 897 homo

283 955 362 1041 plus
386 954 545 1019 animalis
563 975 626 1041 pro
646 954 776 1020 virtute
795 955 956 1042 propriae
976 956 1222 1042 complexionis
1246 955 1429 1022 obiieieba-

240 1082 261 1145 5
285 1084 351 1144 tur.
370 1079 446 1144 Hoc
465 1085 582 1144 tamen
606 1102 727 1145 verum
751 1087 804 1145 est
828 1079 919 1165 quod
939 1080 1098 1146 solertior
1120 1089 1155 1146 et
1174 1080 1331 1168 sagacior
1350 1080 1430 1146 irre

284 1203 370 1268 titor
389 1226 431 1268 ex
455 1203 522 1287 his,
543 1226 631 1288 quae
652 1203 814 1289 ligandus
842 1205 898 1270 vel
926 1205 1130 1271 vinciendus
1155 1214 1248 1272 amat
1276 1211 1312 1272 et
1342 1205 1429 1288 odit,

286 1326 329 1393 ad
354 1327 500 1393 aliorum
524 1328 711 1393 affectuum
729 1329 870 1395 vincula
888 1329 955 1395 sibi
978 1330 1071 1395 viam
1091 1330 1231 1411 sternit,
1251 1328 1430 1396 vinculum

286 1451 415 1539 quippe
435 1453 653 1520 vinculorum
674 1476 770 1520 amor
789 1461 849 1520 est.

594 1676 741 1716 Vlnculorum
756 1681 844 1726 tempus
859 1682 881 1718 et
896 1679 966 1717 locor.
981 1676 1031 1717 Art.
1048 1676 1120 1717 xvu.

223 1838 266 1903 10
379 1823 476 1889 Sicut
510 1847 581 1890 nou
613 1825 741 1910 ubique
775 1849 886 1912 neque
921 1849 1067 1915 semper,
1104 1826 1264 1912 quamvis
1299 1826 1430 1915 optima

286 1947 459 2014 iaciuntur
488 1951 632 2034 semina,
653 1974 766 2017 rerum
797 1953 1002 2039 propagatio
1027 1953 1260 2038 consequitur,
1292 1952 1342 2018 ita
1372 1975 1429 2017 ne·

287 2097 353 2160 que
373 2075 567 2142 irretientia
588 2077 727 2142 vincula
746 2085 912 2165 perpetuo
932 2084 966 2142 et
994 2078 1137 2163 ubique,
1158 2077 1216 2143 sed
1241 2086 1323 2166 apto
1343 2084 1427 2143 tem·

285 2221 369 2285 pore
399 2207 432 2264 et
461 2201 694 2267 subiectorum
714 2225 866 2288 congrua
885 2201 1111 2290 dispositione
1130 2203 1298 2269 virtutem
1319 2203 1427 2267 conoi-

286 2323 390 2409 piunt
408 2324 559 2391 effectus.

223 2479 263 2544 15
657 2515 746 2554 Vinculi
762 2514 887 2554 distinctio.
904 2515 953 2555 nrt.
972 2515 1055 2555 xv111.

376 2647 563 2713 Vinculum
593 2669 677 2735 pure
708 2646 865 2713 naturale
896 2656 931 2712 et
958 2670 1042 2735 pure
1066 2647 1301 2713 voluntarium
1321 2647 1431 2729 (iuxta

287 2777 458 2844 rationem
477 2797 545 2862 qua
564 2773 690 2860 vulgus
709 2771 896 2860 distinguit
918 2772 1010 2839 inter
1033 2780 1194 2839 naturam
1213 2778 1247 2837 et
1271 2773 1430 2840 volunta-

287 2909 370 2986 tem)
393 2923 463 2966 non
484 2900 593 2966 detur.
613 2899 783 2965 Voluntas
803 2899 892 2964 enirn
921 2923 999 2966 curu
1027 2899 1223 2971 intellectus
1243 2898 1430 2987 participa·

287 3029 382 3093 tione
401 3034 435 3092 et
453 3024 687 3112 intelligentia
704 3047 775 3090 nen
793 3024 984 3091 voluntatis
1004 3025 1153 3091 termino
1172 3024 1301 3110 ubique
1318 3025 1429 3111 viget,

221 3158 265 3220 ‘20
287 3159 528 3242 praeterquam
553 3151 613 3217 ubi
637 3151 726 3218 nihil
756 3159 820 3235 est,
851 3157 890 3216 ut
917 3150 955 3216 in
978 3149 1056 3217 aliis
1085 3150 1298 3217 ostendimus
1328 3148 1428 3231 locie;

288 3278 378 3345 unde
406 3276 562 3363 sequitur
593 3276 720 3342 multos
748 3276 857 3341 multu
889 3277 1017 3341 frustra
1047 3275 1231 3363 disputare.
1262 3275 1304 3339 lu
1329 3274 1429 3341 uobis

287 3403 474 3471 secundum
491 3402 660 3468 rationem
681 3409 750 3467 tres
769 3408 850 3468 sunt
869 3401 1085 3468 differentiae
1105 3401 1321 3466 vinculorum
1339 3399 1433 3482 (licet

287 3529 324 3594 in
343 3551 412 3593 una
437 3533 582 3594 naturae
605 3527 720 3592 radice
739 3526 931 3593 fundentur
960 3525 1101 3607 omnia):
1126 3525 1299 3606 naturale,
1327 3525 1429 3591 ratio·

287 3654 364 3719 nale
384 3661 418 3719 et
437 3653 684 3719 voluntarium.
705 3653 806 3719 Unde
822 3675 862 3718 ex
878 3658 977 3738 parte
995 3673 1098 3715 unam
1119 3649 1251 3716 vinculi
1270 3650 1430 3716 <lideren-

220 3794 265 3856 25
287 3780 374 3844 tiam
392 3801 454 3866 per
483 3779 584 3844 aliam
616 3778 749 3844 vinculi
778 3776 1010 3843 differentiam
1036 3775 1205 3842 moderari
1236 3776 1430 3861 nequimus.

287 3904 380 3970 Hinc
402 3904 611 3992 prudentum
635 3903 730 3990 leges
754 3925 824 3968 non
847 3901 1033 3988 prohibent
1057 3924 1186 3985 amare,
1212 3901 1271 3967 sod
1294 3908 1431 3988 praeter

287 4030 455 4095 rationem
476 4053 609 4112 amare,
628 4029 813 4095 stultorum
834 4049 914 4092 vero
934 4026 1182 4114 sycophantiae
1201 4026 1276 4091 siue
1295 4024 1431 4091 rationo

288 4155 441 4238 (rationi)
471 4155 616 4221 rationis
650 4153 815 4219 terminos
848 4151 1105 4240 praescribunt,
1138 4158 1283 4216 naturae
1317 4150 1430 4236 legem

380 4411 419 4462 10.
431 4412 459 4460 ll
477 4411 512 4474 cf.
524 4427 555 4475 p.
571 4411 631 4470 691,
644 4412 673 4460 12
737 4410 768 4461 19
785 4408 853 4477 uon]
863 4411 888 4474 f.
905 4427 969 4462 curn
1033 4411 1064 4460 25
1082 4409 1222 4461 moderari
1238 4410 1272 4462 Μ
1275 4402 1300 4462 l:
1319 4426 1431 4464 mensu·

287 4491 345 4542 rari
357 4482 426 4541 Ml?
488 4491 520 4540 26
535 4487 573 4541 sic
587 4489 618 4540 Μ
623 4507 629 4541 :
643 4490 679 4541 aa
692 4490 842 4541 cancellare
854 4491 977 4542 rationis
987 4489 1117 4555 piuttorto
1129 4492 1174 4542 cte
1189 4491 1318 4557 (rationi)

412 4583 489 4624 Bnuur
504 4584 562 4634 Opp.
577 4586 618 4625 tut.
630 4584 673 4624 ΙΙΙ.
1243 4586 1269 4626 88
