3488 5108
300 370 360 430 562
736 384 879 429 reanum
898 383 1001 429 uavrn

299 540 336 606 in
352 539 425 606 eius
440 539 590 605 nominis
609 562 770 625 numero,
790 539 850 627 qni
866 546 919 606 est
934 539 1031 605 iuxta
1048 561 1122 604 earn
1139 537 1286 604 formam
1305 561 1376 625 qua
1393 537 1450 605 illi

299 673 351 732 est
369 665 579 753 impositum.
593 666 641 732 Et
657 665 897 732 circumfertur
915 669 991 731 rota
1010 664 1244 751 Pythagorae,
1257 664 1363 730 huius
1379 665 1450 730 cir-

300 790 527 856 cumferentia
545 790 715 857 dividitur
729 791 767 856 in
787 798 935 876 quatuor
951 791 1089 876 classes,
1102 792 1284 858 continens
1300 792 1455 858 elemen-

301 917 427 983 tarium
450 917 647 984 litterarum
670 916 820 983 divisum
844 917 880 983 in
905 924 1055 1003 quatuor
1084 923 1213 1005 partes,
1233 926 1268 983 et
1294 917 1452 1005 singulis

255 1042 426 1109 alitteris
456 1048 507 1106 est
537 1042 709 1130 ascriptus
737 1042 897 1132 proprius
928 1065 1107 1125 numerus,
1130 1049 1170 1109 ut
1193 1065 1235 1110 ex
1260 1043 1454 1110 collatione

300 1189 521 1234 numerorum
539 1190 617 1233 cum
636 1168 787 1234 numeria
811 1168 1037 1235 concludatur
1059 1167 1230 1235 divinatio
1258 1169 1453 1235 multarum

301 1314 424 1357 rerum.
444 1290 591 1385 Scripsit
609 1290 717 1376 Beda,
737 1291 876 1359 habitus
895 1294 988 1358 inter
1011 1293 1218 1360 clarissimos
1238 1300 1273 1359 et
1291 1298 1452 1360 maturos

301 1416 478 1502 authoreS,
492 1417 597 1483 etiam
616 1417 658 1483 de
676 1418 741 1484 hac
760 1418 918 1503 materia,
936 1417 1104 1485 definiens
1122 1440 1304 1485 numerum
1323 1442 1454 1486 conve-

301 1542 456 1608 nientem
484 1542 605 1609 diebus
636 1543 823 1629 mensium,
854 1543 1064 1610 stationibus
1093 1543 1289 1627 lunaribus,
1317 1544 1451 1613 litteris

238 1668 434 1753 tolonnis,
466 1668 628 1755 negotiis,
661 1674 696 1734 et
723 1691 785 1755 per
813 1668 897 1735 haec
925 1669 1148 1757 prophetasse
1176 1677 1211 1735 et
1236 1669 1451 1739 mirabiliter

300 1792 510 1880 praedixisse
528 1791 648 1860 fertur.
673 1794 718 1860 Et
742 1793 907 1861 hodierno
926 1801 1081 1883 tempore
1100 1794 1183 1860 novi
1201 1794 1377 1862 hominem
1404 1818 1452 1861 ex

300 1919 402 2004 facie,
427 1920 486 2006 qui
509 1919 693 1986 admodum
715 1919 973 2008 particulariter
1003 1944 1044 1986 ex
1068 1920 1253 2009 alphabeto
1282 1920 1451 1989 hebraico

303 2046 344 2111 de
367 2068 492 2134 genere
508 2046 629 2112 mortis
648 2046 837 2112 multorum
855 2046 1055 2134 principum
1085 2053 1119 2111 et
1146 2047 1355 2113 mutationes
1378 2055 1451 2114 sta·

303 2178 401 2238 tuum
418 2170 634 2257 quorundam
651 2172 837 2259 praedixit,
856 2171 939 2238 licet
968 2172 1144 2238 interdum
1169 2173 1208 2238 in
1238 2172 1449 2260 quibusdam

240 2299 280 2364 15
302 2296 457 2382 fallatur,
478 2304 512 2362 et
531 2298 604 2384 ipse
623 2296 753 2362 fatetur
771 2297 836 2362 hoo
854 2321 926 2363 esse
945 2320 987 2363 ex
1013 2320 1052 2364 eo
1079 2297 1172 2384 quod
1202 2320 1272 2365 non
1303 2298 1449 2364 omnino

303 2422 496 2509 assequitur
512 2422 781 2509 intelligentiam
795 2430 799 2505 l
813 2422 916 2489 illius.
931 2425 1058 2511 Magna
1071 2424 1236 2512 mysteria
1250 2423 1451 2490 Gabalistae
1477 2423 1577 2486 53*

302 2547 432 2614 habent
448 2571 550 2634 super
561 2570 704 2614 numero
716 2548 912 2614 litterarum
924 2555 959 2614 et
971 2551 1145 2636 mysteriis
1161 2556 1342 2636 quaesunt
1355 2549 1450 2616 circa

303 2697 357 2759 ea,
383 2681 421 2740 ut
439 2674 475 2739 in
496 2674 626 2740 virtute
649 2674 828 2741 nominum
856 2682 890 2741 et
914 2676 1112 2762 cognitione
1135 2699 1253 2742 eorum
1276 2697 1451 2741 summam

303 2799 458 2864 omnium
481 2799 721 2886 operationum
745 2806 778 2864 ct
802 2800 1114 2886 intelligentiarum
1146 2800 1348 2886 intelligant
1372 2823 1448 2866 esse

238 2928 281 2990 20
304 2924 418 3008 sitam,
440 2925 531 3010 quod
550 2924 671 2990 dicunt
700 2924 742 2989 de
770 2925 908 3008 Massia,
929 2925 971 2991 de
994 2925 1134 2991 nomine
1165 2925 1246 2990 dato
1270 2925 1322 2990 illi
1341 2949 1450 3012 supra

304 3073 405 3115 omne
423 3072 561 3134 nomen,
583 3051 641 3116 sed
668 3050 797 3116 addant
817 3052 982 3137 quasdam
1000 3050 1153 3116 rationes
1172 3051 1336 3134 occultas,
1357 3073 1450 3136 quae

304 3175 357 3241 illi
376 3176 508 3241 nomini
527 3177 691 3264 graphico
711 3177 981 3263 intelligibiliter
999 3176 1220 3243 adiiciuntur.
1240 3177 1282 3240 In
1301 3176 1452 3263 prophe·

304 3299 364 3365 tiis
383 3301 488 3366 etiam
508 3302 664 3367 Danielis
684 3302 835 3368 rationes
852 3302 1039 3367 multorum
1055 3324 1272 3395 successuum
1291 3301 1449 3368 referun-

305 3433 362 3492 tur
378 3426 422 3492 ad
438 3449 598 3493 numeros
611 3436 645 3493 et
658 3428 807 3493 nomina.
819 3428 861 3492 Iu
876 3428 1059 3515 prophetia
1074 3428 1157 3493 libri
1173 3427 1454 3515 Apocalypsis

239 3559 282 3624 25
305 3554 434 3620 mentio
464 3555 504 3619 fit
533 3555 663 3621 bestiae
691 3554 784 3621 illius
812 3554 1023 3639 vastatricis,
1057 3579 1134 3621 curn
1157 3555 1289 3620 virtute
1313 3555 1453 3621 numeri

307 3680 458 3746 nominis
477 3680 580 3746 illius.

400 3946 414 3992 1
431 3942 546 3993 nomina
562 3946 645 3999 (corr.
659 3940 689 3992 in
701 3941 837 4005 nominis,
854 3941 907 3993 cin
919 3959 1005 4008 morp.
1021 3959 1068 3993 coo
1082 3941 1211 3992 rictiovaro
1226 3947 1357 4009 numero)
1371 3944 1451 4011 quod

308 4030 352 4073 est
365 4024 448 4074 iuxta
462 4026 557 4089 (queste
571 4029 611 4073 tro
624 4023 720 4088 parole
734 4024 886 4084 cancellato)
906 4025 954 4088 qui
971 4032 1015 4072 cst
1028 4023 1110 4073 iuxta
1125 4038 1189 4073 eam
1203 4025 1235 4074 Μ
1297 4025 1312 4071 5
1328 4023 1451 4091 asscrip-

307 4110 355 4155 tus
366 4105 398 4154 M
445 4106 472 4153 ll
490 4122 527 4167 sq.
542 4102 571 4154 in
585 4119 671 4168 scorp.
686 4104 846 4153 Brocardus
861 4104 1036 4168 Noribcrgae
1048 4104 1080 4153 Μ
1085 4121 1090 4169 5
1108 4122 1130 4154 o.
1146 4102 1290 4153 Fabricius
1304 4103 1449 4158 ‘Bibasara

307 4186 373 4236 mod.
396 4192 419 4235 et
442 4184 493 4249 ins.
515 4185 617 4247 Μῖνι),
640 4202 653 4233 o
673 4184 694 4234 it
719 4183 883 4234 Dizr'ooario
901 4184 944 4233 del
961 4184 1047 4248 Baple
1111 4187 1141 4235 17
1158 4185 1267 4234 habant
1285 4199 1371 4249 super
1387 4178 1449 4236 Mb:

307 4265 448 4333 illoppitilo
456 4259 505 4317 ills
562 4267 591 4314 18
608 4267 744 4315 virtutem
755 4282 767 4313 e
777 4265 924 4327 cognition
945 4266 971 4329 (c
981 4265 1129 4328 cognition
1144 4283 1149 4330 3
1168 4265 1343 4328 cognitionis
1352 4257 1409 4330 Mb)
1420 4265 1454 4316 M

310 4351 339 4400 19
355 4338 578 4413 intelligentt1⁰
641 4344 759 4410 andepo
773 4345 849 4410 quod
863 4345 982 4395 concello
995 4344 1029 4395 da
1043 4345 1074 4394 M
1135 4345 1449 4412 24Apocol.13‚!7aq.
