3488 5108
303 397 341 456 36
741 409 881 456 mansur
902 409 1005 454 anvnr

304 591 389 654 quas
427 577 560 656 spretas
602 567 729 634 abiecit
771 588 841 632 non
876 566 1017 654 reeipit;
1055 565 1145 631 unde
1188 589 1208 631 a
1246 565 1443 654 privatione

303 694 348 761 ad
368 697 372 781 Ι
392 693 551 760 habitum
574 717 644 760 non
668 700 720 760 est
742 692 856 758 facilis
879 714 1063 778 regressus.
1470 695 1578 758 114¹·

392 820 526 886 XXVI.
551 820 688 886 Dicitur
722 820 830 884 Pania
864 840 942 883 cum
977 819 1067 883 Poro
1102 817 1272 906 nupsisse;
1302 817 1443 905 'penia'

303 945 396 1011 enim
422 945 599 1032 significet
621 949 823 1032 egestatem,
848 942 981 1031 ‘porus’
1005 943 1271 1030 plenitudinem,
1297 965 1442 1030 quorum

258 1076 279 1140 5
301 1076 419 1135 tamen
436 1070 580 1158 nuptiae
595 1068 701 1135 falsae
720 1076 815 1152 sunt,
833 1067 916 1154 quia
931 1068 1006 1155 ipsa
1022 1068 1111 1133 nihil
1134 1090 1176 1133 ex
1196 1067 1256 1133 illo
1276 1067 1442 1154 concipit,

302 1193 391 1260 nihil
427 1215 470 1260 ex
504 1194 565 1260 illo
595 1194 736 1278 retinet,
766 1216 834 1280 quo
862 1193 1079 1280 significatur
1102 1192 1152 1258 ita
1177 1194 1443 1260 contubernium

224 1291 226 1294 ‚
301 1342 374 1387 esse
389 1320 493 1386 Nocti
513 1343 590 1386 oum
605 1320 693 1403 luce,
707 1326 746 1385 ut
758 1341 938 1405 nunquam
955 1318 1078 1385 induat
1093 1318 1154 1384 lux
1170 1319 1315 1386 Noctem
1332 1341 1444 1406 neque

300 1444 379 1510 Nox
397 1445 522 1529 lucem,
539 1445 617 1511 ideo
629 1445 658 1511 si
673 1443 873 1531 coniugium
886 1451 950 1528 est,
963 1444 1059 1509 nulla
1071 1451 1189 1510 tamen
1201 1443 1241 1509 fit
1253 1443 1442 1532 conceptio.

389 1570 543 1637 XXVII.
567 1572 671 1638 Coelo
702 1570 830 1636 dicitur
864 1570 969 1635 etiam
1005 1571 1105 1656 quasi
1139 1593 1201 1659 per
1234 1570 1443 1636 adulterium

236 1691 278 1755 10
301 1695 473 1784 copulata,
498 1719 518 1762 a
542 1718 609 1782 quo
634 1703 750 1763 tamen
768 1718 948 1781 nunquam
964 1695 1191 1783 abiungetur,
1210 1718 1277 1783 quc
1302 1694 1443 1782 quidam

299 1821 488 1908 significari
512 1823 635 1888 volunt
654 1821 745 1908 quod
769 1822 915 1887 materia
939 1822 1002 1888 sub
1025 1821 1137 1888 forma
1161 1822 1246 1887 coeli
1265 1827 1445 1909 perpetua·

299 1954 369 2031 tur,
395 1953 516 2035 utpote
541 1971 630 2033 quae
653 1948 726 2013 eius
749 1948 886 2033 expleat
903 1947 1126 2031 desiderium3
1148 1949 1240 2034 quod
1256 1955 1373 2013 tamen
1391 1954 1444 2014 est

300 2072 440 2157 falsum,
465 2074 525 2139 sed
546 2073 637 2140 forte
660 2073 878 2160 significatur
900 2074 1114 2139 immensitas
1145 2073 1324 2156 materiae,
1355 2096 1442 2159 quae

300 2221 378 2265 cum
417 2199 514 2265 inani
552 2199 730 2265 infinitum
768 2200 981 2267 constituens
1023 2200 1223 2266 universum
1269 2221 1442 2285 nusquam

236 2323 276 2387 15
301 2323 413 2390 Chaos
436 2324 554 2410 magni
576 2324 808 2412 praesentiam
832 2325 1010 2391 viduatam
1034 2325 1210 2410 relinquit.

389 2449 561 2514 XXVIII.
585 2449 636 2514 Ea
658 2450 793 2515 ratione
816 2450 945 2516 dicitur
962 2450 1110 2515 abiicere
1127 2473 1210 2535 quas
1235 2451 1360 2538 recipit
1376 2451 1442 2518 for·

302 2597 374 2640 mas
398 2582 501 2661 atque
531 2582 764 2659 contemnere,
789 2575 871 2661 quia
899 2575 1009 2641 nudas
1044 2583 1078 2641 et
1109 2575 1281 2663 simplices
1311 2577 1442 2664 species

198 2712 201 2717 '
301 2699 454 2782 affectat;
473 2700 649 2766 naturales
666 2722 748 2788 ergo
767 2700 910 2784 formae,
928 2723 1016 2786 quae
1040 2701 1276 2767 accidentibus
1300 2701 1443 2767 indutae

300 2825 504 2910 adveniunt,
521 2826 565 2890 ab
589 2825 664 2912 ipsa
687 2833 829 2914 propter
852 2827 969 2892 odium
989 2827 1219 2892 accidentium
1235 2826 1441 2893 reiiciuntur

232 2953 580 3038 200tspern11ntur3
605 2959 733 3017 statum
758 2953 850 3017 enim
878 2974 1044 3018 novercae
1074 2961 1261 3018 execratur.
1287 2952 1325 3017 Si
1354 2976 1442 3039 quae

299 3097 379 3142 vero
403 3076 495 3142 luces
514 3100 573 3142 seu
592 3076 722 3143 formae
745 3078 857 3144 nudae
875 3084 978 3163 atque
996 3079 1155 3165 propriae
1178 3086 1213 3144 et
1237 3079 1274 3143 in
1293 3078 1442 3164 quadam

299 3201 522 3288 simplicitate
551 3205 778 3270 consistentes
801 3204 853 3269 illi
877 3204 1082 3289 offeruntur,
1111 3212 1172 3271 aut
1195 3228 1251 3270 eas
1274 3210 1442 3293 perpetuo

298 3327 438 3412 retinet,
474 3337 534 3393 aut
569 3330 606 3394 in
633 3331 839 3396 immensum
873 3353 1006 3396 aevum.
1040 3330 1167 3396 Omnes
1190 3332 1282 3396 enim
1311 3330 1443 3396 formae

299 3453 488 3538 naturales,
506 3477 593 3541 quae
610 3455 648 3521 in
664 3456 813 3542 quadam
830 3458 1077 3544 compositione
1094 3457 1303 3539 consistunt,
1320 3452 1458 3544 utpote

232 3579 275 3642 ab
299 3581 488 3666 composito
505 3580 709 3662 adveniunt,
734 3589 769 3646 et
788 3605 934 3667 quorum
953 3583 1145 3649 subiectum
1173 3590 1310 3648 nonest
1329 3583 1442 3670 prima

300 3705 443 3771 materia
472 3728 595 3793 puram
626 3707 756 3772 habens
784 3710 989 3795 potentiam,
1019 3709 1078 3774 sed
1107 3709 1239 3796 aliquid
1263 3709 1332 3773 iarn
1363 3717 1443 3773 actu

300 3831 463 3914 existens,
491 3840 659 3917 tanquam
682 3832 760 3898 odio
784 3832 978 3900 habeantur
1005 3835 1049 3899 ab
1082 3835 1157 3921 ipsa
1191 3833 1335 3899 materia
1365 3856 1443 3898 cum

393 4109 409 4157 3
424 4110 464 4171 cf.
475 4109 673 4161 Jatn-L'aaer
684 4131 702 4162 a
716 4112 789 4162 luat.
804 4114 923 4176 Synapos.
936 4129 965 4176 p.
979 4115 1032 4161 203
1050 4113 1074 4163 B
1090 4130 1145 4177 sqq.
1208 4115 1224 4164 8
1241 4114 1316 4164 unde
1328 4115 1442 4164 etiamsi

300 4189 475 4239 connubium
490 4191 553 4253 fiat,
569 4191 648 4241 nulla
660 4198 756 4243 tomen
769 4193 892 4243 efficitur
904 4194 1055 4258 conceptio
1072 4193 1104 4243 M
1166 4195 1196 4244 15
1213 4197 1443 4260 magnipraesen·

301 4324 370 4373 tiam
383 4322 415 4371 M
475 4325 505 4373 ⁸21
523 4327 654 4390 propriae
674 4327 713 4376 A:
732 4327 869 4392 paracl!
929 4328 960 4376 at
978 4304 1043 4377 odio
1061 4328 1205 4378 habentur
1221 4328 1325 4392 (scritto
1342 4331 1442 4395 hatur)

301 4410 435 4524 tariqnem
450 4456 488 4507 A:
502 4458 567 4508 odio
579 4459 734 4520 habentur,
750 4467 885 4526 tanquam
898 4461 963 4511 odio
977 4462 1138 4512 habeantur
1148 4461 1180 4511 Μ
