3488 5108
283 372 343 440 244
722 392 862 443 mamm
884 392 986 443 anmi

373 554 402 618 2.
426 553 480 617 Ex
499 553 797 640 multiplicatione.
817 554 945 620 Anima
963 553 1061 620 iuxta
1090 555 1328 621 diversitatem
1357 530 1427 620 ma-

284 678 390 743 teriae
410 700 526 744 omnes
545 679 674 766 species
693 687 797 765 atque
817 679 969 746 diversas
994 681 1140 768 effingit;
1171 702 1252 767 ergo
1282 703 1353 747 non
1373 703 1428 746 ac-

285 801 401 869 cidens
419 810 485 889 est,
506 803 565 870 sed
583 828 688 891 agens
711 806 924 891 substantia,
956 812 1077 893 utpote
1107 806 1320 894 principium
1352 829 1425 872 esse

285 928 396 994 omnis
420 928 576 1016 specifice
600 937 703 1016 atque
720 930 824 996 vitae.
843 930 907 996 Est
925 929 1019 997 enim
1037 930 1113 1019 ipsa
1129 937 1254 998 natura
1270 930 1425 997 omnium

240 1064 260 1125 ὃ
284 1056 436 1144 perfecte
455 1056 732 1145 compositorum.

373 1185 403 1251 3.
428 1183 550 1251 Omnis
582 1184 694 1250 torma
728 1184 948 1252 accidentalis
981 1185 1164 1252 inhaerens
1198 1193 1232 1252 et
1266 1187 1426 1254 adiacens

283 1309 438 1376 subiecto
466 1309 599 1376 indicat
627 1319 662 1376 et
689 1309 845 1376 insinuat
874 1311 1068 1377 subiectum
1098 1335 1119 1378 a
1149 1334 1216 1398 quo
1240 1313 1427 1401 dependet;

284 1436 400 1502 anima
418 1458 499 1502 vero
518 1443 569 1501 est
593 1458 680 1521 quae
712 1435 887 1502 indicatur
917 1442 951 1502 et
980 1436 1193 1522 insinuatur,
1217 1445 1252 1503 et
1282 1439 1326 1504 ab
1358 1462 1426 1524 qua

283 1584 384 1628 omne
402 1561 573 1644 accidena
593 1561 750 1648 potentia
769 1569 804 1627 et
820 1561 988 1628 indicium
1006 1562 1186 1649 dependet.

764 1842 799 1882 Ex
814 1842 944 1893 Sagittario.

375 2044 402 2106 l.
425 2042 479 2107 Ex
497 2040 720 2108 distinctione
743 2040 832 2106 finis
857 2039 985 2106 Anima
1008 2048 1060 2106 est
1083 2040 1162 2106 finis
1182 2040 1225 2107 ad
1249 2064 1351 2128 quem
1371 2065 1424 2109 or·

283 2167 447 2234 (linantur
466 2189 583 2233 omnes
606 2140 770 2233 materiae
789 2172 922 2254 partes;
948 2166 1063 2253 petius
1094 2166 1186 2234 enim
1216 2189 1340 2256 corpus
1371 2174 1423 2234 est

281 2303 423 2387 propter
441 2295 606 2380 animam,
624 2317 728 2381 quam
747 2293 863 2360 anima
881 2301 1022 2381 propter
1042 2316 1173 2382 corpus.
1194 2297 1287 2384 Ergo
1307 2298 1423 2364 minus

281 2450 499 2516 peccaremus
517 2424 670 2491 dicentes
689 2446 812 2510 eorpus
835 2445 907 2489 esse
938 2422 1095 2488 accidens
1123 2424 1272 2508 animae,
1292 2424 1298 2513 Ι
1319 2449 1422 2512 quam
1447 2427 1576 2492 200*

218 2569 259 2634 15
282 2563 417 2640 contra3
436 2527 644 2642 generaliter
661 2551 754 2617 enim
774 2551 966 2618 subiectum
984 2561 1143 2639 respectu
1166 2553 1354 2620 accidentis
1374 2555 1423 2620 di-

281 2684 385 2771 gnius
403 2683 508 2749 habet
526 2704 606 2748 esse.
627 2681 733 2746 Porro
753 2685 915 2746 neutrum
938 2678 1097 2746 alterutri
1117 2679 1275 2746 accidens
1295 2679 1424 2766 intelli·

280 2817 397 2895 gatur,
409 2808 468 2875 sed
482 2807 570 2874 duae
581 2807 766 2873 distinctae
782 2806 1009 2889 substantiae,
1026 2828 1171 2890 quarum
1188 2805 1297 2872 altera
1313 2807 1425 2872 excel-

280 2935 420 3017 lentior,
441 2936 549 3000 altera
568 2933 728 3000 deterior.

369 3067 399 3130 2.
423 3065 476 3129 Ex
495 3070 593 3152 parte
612 3062 716 3128 medii
735 3068 770 3127 et
789 3061 913 3126 ultimi.
935 3061 1063 3126 Anima
1081 3069 1133 3128 est
1152 3062 1276 3129 ultima
1306 3072 1341 3129 et
1368 3086 1422 3129 su·

214 3204 258 3266 20
280 3216 399 3280 prema
418 3191 547 3279 species
566 3191 657 3256 inter
685 3189 804 3255 divina
834 3195 868 3254 et
895 3188 1083 3272 naturalia,
1109 3189 1280 3276 adquam
1305 3193 1422 3258 onmia

280 3318 444 3384 inferiora
473 3316 690 3399 ordinantur,
719 3315 809 3380 sicut
837 3314 918 3381 ordo
949 3322 1094 3381 naturae
1123 3317 1234 3381 scalae
1257 3318 1422 3403 requirit3

280 3466 361 3531 ergo
381 3443 594 3510 substantiae
613 3443 783 3510 rationem
803 3442 991 3507 necessario
1011 3441 1125 3508 habet.

368 3571 398 3634 3.
423 3569 465 3635 ln
481 3591 606 3656 genere
623 3591 803 3656 corporum
819 3575 853 3633 et
869 3567 1100 3634 materialium
1116 3568 1192 3655 ipsa
1208 3575 1260 3634 est
1273 3569 1422 3635 ultimus

280 3696 378 3782 finis,
412 3698 598 3785 indignum
632 3705 747 3763 autem
784 3701 873 3762 esset
906 3694 1063 3761 accidens
1097 3717 1170 3761 esse
1204 3696 1422 3761 substantiae

213 3826 257 3891 25
280 3823 393 3889 finem.
503 3809 511 3824 ⁶

368 3950 398 4013 4.
423 3949 465 4014 In
484 3972 608 4035 genere
639 3947 915 4034 intelligibilium
945 3947 1020 4034 ipsa
1051 3947 1094 4011 ad
1123 3946 1284 4012 ultimum
1315 3947 1422 4012 finem

279 4076 440 4160 refertur,
460 4076 644 4162 indignum
662 4081 778 4141 autem
798 4082 886 4142 esset
904 4076 1009 4140 talem
1033 4073 1236 4140 relationem
1266 4074 1422 4141 tribucre

285 4249 557 4257 ——m—.—-..
565 4250 635 4256 ——.
645 4250 717 4256 ----.
723 4250 982 4257 ——-—-——-
989 4249 1125 4256 -—-.

372 4392 387 4440 4
404 4390 554 4454 specificae
568 4392 618 4442 Al:
632 4407 679 4441 om.
695 4390 724 4439 Μ
784 4346 891 4456 {tedium
904 4392 927 4440 A
995 4390 1030 4439 ab
1045 4405 1100 4454 qna
1114 4392 1139 4455 (c
1152 4391 1261 4456 atqua?
1277 4389 1290 4438 ὸ
1307 4394 1421 4442 corretto

280 4470 535 4536 l'n)A:tqunM
599 4473 626 4521 17
637 4472 849 4538 ferrequornm
863 4472 896 4519 ΛΙ
960 4469 1220 4521 22necessaried¹
