3488 5108
447 427 539 473 mam
559 427 771 473 snrsrcoavn
791 426 1005 473 smeroraars
1024 427 1220 475 mensuum
1343 413 1402 474 379

260 582 432 649 Elixsbile
451 589 503 650 est
522 604 659 670 corpus,
679 583 717 649 in
736 605 804 668 quo
823 590 875 649 est
894 581 1073 649 humidum
1088 590 1210 671 potens
1229 584 1323 650 vinci
1343 607 1402 651 seu

260 710 423 798 passibile
439 711 483 777 ab
499 710 671 798 ignitione
686 733 745 777 seu
761 710 873 777 calore
887 710 1056 776 existente
1071 711 1108 776 in
1124 711 1278 795 humido;
1296 713 1401 779 elixa·

261 841 330 907 bile
358 840 452 907 enim
477 862 547 908 non
570 846 623 905 est
643 839 737 906 aliud
767 839 811 906 ab
836 839 934 927 ipsis,
955 847 994 905 ut
1017 839 1118 927 lapis,
1138 840 1176 907 in
1203 861 1269 926 quo
1297 867 1315 905 a
1342 868 1359 906 a
1387 868 1404 906 s

262 967 419 1054 quamvis
435 967 482 1033 sit
500 965 692 1050 humidum,
712 965 772 1032 sed
784 965 828 1032 ob
840 965 1100 1054 spissitudinem
1113 988 1184 1032 non
1195 972 1311 1053 potest
1330 966 1404 1033 vin·

216 1097 238 1160 5
261 1092 306 1175 oi,
326 1092 417 1159 sient
435 1092 473 1157 in
491 1091 598 1178 lignis
615 1089 777 1156 vincitur.
799 1092 803 1178 Ι
824 1090 938 1178 Ligna
953 1098 1069 1158 autem
1085 1100 1120 1158 et
1137 1113 1262 1157 aurum
1280 1097 1315 1156 et
1334 1090 1402 1156 alia
1427 1093 1509 1155 51'
1528 1092 1565 1157 0

260 1219 371 1286 multa
389 1218 553 1284 dicuntur
576 1216 697 1282 elixsri
721 1215 971 1310 metaphorice;
995 1239 1066 1284 non
1089 1215 1182 1283 enim
1201 1214 1269 1283 alio
1288 1215 1402 1299 modo,

260 1367 329 1433 quo
339 1345 430 1412 hanc
442 1342 590 1431 speciem
605 1341 837 1408 consectionis
849 1341 1054 1429 suscipiunt,
1068 1348 1121 1409 est
1131 1342 1334 1430 impositum
1345 1362 1407 1408 no·

260 1496 349 1539 men.
361 1473 446 1554 Lac,
457 1476 609 1537 mustum
625 1476 660 1534 et
677 1468 805 1535 similia
817 1468 922 1535 etiam
935 1469 1056 1536 elixari
1072 1469 1249 1555 dicuntur,
1264 1468 1406 1555 quando

262 1598 422 1665 videlicet
448 1619 564 1685 sapor,
584 1596 645 1682 qui
663 1603 715 1662 est
733 1596 772 1662 in
793 1595 1002 1663 humiditate
1021 1597 1188 1685 ipsorum,
1214 1597 1258 1664 ab
1278 1598 1408 1664 extrin-

196 1728 239 1791 10
261 1746 338 1791 seco
357 1726 438 1810 igne
451 1723 507 1789 vel
523 1730 601 1789 aere
617 1721 841 1789 calefaciente
853 1720 891 1787 in
906 1721 1061 1807 aliquam
1072 1720 1219 1788 formam
1235 1729 1408 1789 transmu-

260 1856 365 1916 tstur.
385 1847 484 1915 Sicut
502 1846 658 1914 diversae
674 1853 757 1914 sunt
772 1846 925 1914 rationes
943 1846 1096 1913 elixandi
1112 1853 1147 1912 et
1161 1847 1406 1933 concoquendi,

260 1975 311 2041 ita
329 1974 435 2040 etiam
454 1973 583 2041 diversi
603 1981 685 2039 sunt
703 1972 804 2057 fines,
827 1972 994 2058 quaedam
1011 1971 1103 2038 enim
1120 1971 1163 2037 ad
1183 1995 1292 2056 esum,
1309 1994 1409 2058 quae·

260 2101 340 2169 dam
368 2101 413 2168 ad
436 2100 678 2186 sorbitionem,
710 2099 880 2186 quaedam
904 2122 986 2168 vero
1014 2099 1058 2166 ad
1076 2099 1184 2166 alium
1203 2122 1303 2167 usum
1323 2099 1407 2165 diri-

260 2233 407 2315 guntur,
443 2229 529 2314 quin
558 2228 628 2295 imo
664 2228 770 2297 etiam
804 2229 1054 2296 medicamenta
1084 2229 1206 2295 elixati
1246 2228 1406 2296 dicimus.

196 2351 237 2415 15
259 2352 448 2420 Elisabilia
471 2376 553 2442 ergo
576 2361 658 2421 sunt
685 2377 910 2442 quaecunque
936 2363 1082 2443 possunt
1111 2354 1186 2420 fieri
1217 2354 1403 2438 crassiora,

260 2477 411 2563 minora,
446 2479 625 2566 graviora,
660 2481 835 2564 tenuiora,
869 2479 1118 2565 attenuatiora,
1149 2479 1240 2547 sicut
1274 2501 1404 2563 serum,

261 2602 443 2689 coagulum
459 2611 523 2670 etc.
537 2603 660 2671 Oleum
675 2626 756 2672 vero
771 2605 960 2672 secundum
975 2626 1011 2670 se
1026 2604 1141 2691 ipsum
1156 2627 1228 2671 non
1244 2604 1404 2687 elixatur,

260 2751 385 2815 nempe
402 2751 544 2815 purum,
565 2730 646 2816 quia
664 2730 799 2796 nullum
817 2730 940 2796 horum
959 2729 1102 2817 patitur.
1131 2729 1285 2795 Elixatio
1313 2728 1405 2794 nihil

261 2852 390 2936 differt,
411 2853 484 2920 sive
503 2853 563 2920 fiat
582 2877 643 2943 per
663 2855 876 2939 artificialia,
896 2855 969 2922 sive
987 2877 1048 2943 per
1071 2854 1247 2921 naturalia
1274 2855 1402 2921 instru-

193 2983 238 3046 20
260 2985 394 3063 menta,
415 2981 499 3046 item
519 2978 648 3062 media,
670 2980 755 3047 item
775 2980 935 3047 efficiens.

727 3189 761 3229 De
775 3187 944 3237 inquinatione.

350 3354 553 3440 Inquinatio
572 3361 624 3421 est
646 3354 862 3421 inconcoetio
885 3353 972 3438 eius,
993 3353 1085 3440 quod
1113 3354 1151 3420 in
1178 3375 1332 3441 corpore,
1354 3353 1405 3420 in·

261 3480 449 3566 terminati,
464 3486 606 3568 propter
622 3478 794 3545 defectum
811 3479 926 3564 calidi,
943 3479 1156 3568 quandoper
1172 3479 1403 3567 frigiditatem

261 3607 446 3694 expellitur
465 3628 680 3694 concoquens
699 3605 862 3688 calidum,
892 3605 984 3692 quod
1012 3610 1063 3671 est
1091 3605 1182 3671 circa
1209 3605 1402 3688 humidum3

194 3741 237 3805 25
261 3732 472 3812 quapropter
490 3724 675 3811 inquinata
693 3732 775 3791 sunt
793 3724 932 3790 duriora
951 3723 1101 3791 elixatis.

354 3941 370 3989 3
384 3941 548 3992 indickiamo
562 3959 618 3991 una
632 3941 743 4001 lacuna,
753 3955 807 4005 per
819 3956 854 3992 es.
869 3941 994 4000 <nullum
1005 3947 1050 3990 est
1064 3939 1226 4003 humidum,
1239 3940 1285 3990 val
1296 3939 1405 4004 lignum

261 4023 291 4072 in
304 4031 387 4088 quo),
400 4025 436 4086 cf.
450 4021 562 4073 Aristeu
575 4039 604 4086 p.
617 4024 683 4071 38οῢ
699 4025 785 4072 25-28
848 4024 863 4071 5
879 4021 976 4085 lignis]
995 4021 1013 4071 l.
1030 4020 1102 4086 illis,
1121 4037 1226 4081 cavero,
1241 4037 1267 4070 se
1281 4021 1354 4070 aella
1367 4020 1407 4070 lo-

261 4119 331 4152 cuua
346 4119 400 4153 aon
418 4104 498 4152 c'era
514 4103 560 4153 vel
578 4105 688 4167 lignum
705 4106 760 4167 (ma
777 4103 814 4153 ad
830 4119 864 4154 cs.
883 4103 929 4152 vol
951 4102 1055 4164 alind),
1074 4101 1192 4152 cancella
1211 4099 1257 4166 qui
1279 4101 1407 4151 vincitur

263 4182 294 4234 18
310 4183 520 4234 sorbilitionem
531 4183 555 4232 B
604 4186 633 4234 14
642 4186 722 4248 forse
735 4185 843 4234 elixare
854 4181 936 4249 (ἕψειν
950 4184 1000 4232 Ar.
1012 4199 1042 4248 p.
1054 4182 1120 4231 381ω
1138 4182 1189 4247 ψ
1235 4181 1408 4232 ltduelixa·

263 4263 461 4328 bilissinoap.
473 4266 536 4324 386,
546 4267 581 4314 29
595 4265 695 4315 lacuna
705 4264 735 4315 in
748 4264 774 4314 B
835 4263 914 4314 2223
926 4262 1157 4326 l'inlerpuuzs‘ona
1173 4279 1240 4313 come
1253 4261 1283 4313 in
1299 4260 1406 4313 antiche

262 4343 419 4396 traduzioni
438 4345 468 4396 di
488 4345 573 4396 Arist.
596 4350 657 4410 (per
677 4362 711 4396 es.
736 4345 869 4395 Giuntina
888 4343 931 4393 dcl
954 4345 1030 4404 1650)
1095 4345 1128 4394 24
1143 4343 1228 4410 quod]
1249 4359 1305 4410 quo
1321 4343 1355 4401 0,
1370 4344 1406 4405 cf.

262 4424 348 4476 Arist.
356 4426 422 4475 3811·
442 4428 487 4492 145
502 4443 547 4476 ma
559 4425 584 4477 si
595 4425 771 4492 aspettcretbc
788 4427 864 4491 qnod
882 4432 926 4475 est
939 4424 969 4474 in
986 4425 1117 4486 humido,
1133 4424 1209 4490 quod
1226 4422 1334 4475 circum
1347 4417 1408 4492 (τῆς
