3488 5108
296 374 332 431 16
731 381 871 428 roauaur
890 380 993 426 aavrr

293 543 331 609 in
350 542 468 609 eodem
491 539 801 609 vicissitudinalem
824 536 1101 619 translationem,
1126 536 1255 603 dicitur
1281 545 1433 624 recepta·

294 669 411 736 culum
428 673 570 756 propter
593 664 877 751 adaequationem
902 662 1155 728 dimensionum
1178 663 1319 749 eiusque
1343 685 1431 748 quae

293 795 436 882 capiunt
454 815 532 860 oum
550 791 823 859 dimensionibus
841 812 959 857 eorum
980 810 1067 875 quae
1086 788 1280 876 capiuntur.

536 1048 610 1123 DE
656 1044 903 1123 SECVNDO
953 1045 1183 1122 INFORMl
1459 1061 1576 1125 106r

579 1190 716 1268 OROO
756 1188 881 1267 SIVE
923 1188 1141 1266 ABYSSO.

381 1424 558 1510 Sequitur,
578 1429 745 1510 tanquam
765 1421 857 1488 filius
875 1428 1023 1509 patrem,
1045 1421 1156 1488 Chaos
1177 1422 1333 1509 Abyssus
1357 1423 1433 1510 ipsa

292 1574 352 1617 seu
372 1549 494 1634 Orcus3
516 1572 558 1615 ex
580 1570 620 1614 eo
644 1548 736 1614 euim
761 1547 852 1633 quod
871 1555 922 1613 est
941 1570 1090 1614 vacuum
1114 1555 1149 1614 et
1172 1548 1361 1633 infinitum,
1384 1574 1434 1616 se-

293 1676 411 1764 quitur
434 1672 594 1763 aptitudo
618 1673 786 1760 quaedam
809 1695 869 1739 seu
892 1672 1046 1739 carentia
1069 1696 1128 1739 seu
1152 1673 1359 1742 desideratio
1383 1675 1434 1742 in-

291 1803 405 1886 finita,
432 1807 472 1868 ut
499 1806 613 1867 estet
642 1799 864 1888 proverbium
894 1799 985 1885 quod
1012 1797 1185 1886 ‘privatio
1215 1800 1309 1888 parit
1331 1823 1435 1889 appe-

228 1934 270 1997 10
291 1925 468 1994 tentiam'

381 2051 530 2119 Nomine
549 2049 630 2116 Orci
648 2049 757 2137 igitur
780 2048 1008 2135 intelligimus
1032 2049 1142 2115 veluti
1165 2059 1299 2117 vastam
1323 2059 1359 2117 et
1382 2052 1432 2118 in-

292 2178 428 2244 finitam
453 2177 669 2264 voraginem,
695 2197 782 2261 quae
806 2174 872 2241 hoc
895 2174 992 2240 addit
1015 2175 1126 2260 inani,
1152 2176 1243 2262 quod
1268 2177 1433 2262 quodam-

293 2303 394 2370 modo
425 2302 540 2369 omnia
568 2301 748 2389 concipere
776 2307 810 2366 et
839 2299 1033 2366 desiderare
1059 2307 1094 2366 et
1120 2301 1295 2368 attrahere
1318 2311 1432 2389 queat.

293 2429 413 2517 Ipsum
441 2428 587 2514 triginta
617 2426 874 2494 conditionibus
903 2426 1133 2492 indicabimus
1156 2449 1216 2493 seu
1239 2427 1433 2496 indicatum

230 2557 270 2622 15
294 2553 560 2638 declarabimus3
581 2552 654 2619 eius
678 2553 771 2619 enim
794 2551 902 2618 ullam
925 2551 1049 2618 afferre
1071 2551 1185 2618 ideam
1208 2554 1264 2619 vel
1287 2525 1434 2621 sormam

294 2703 363 2747 non
381 2702 572 2768 possumus.

382 2807 409 2872 Ι.
433 2805 526 2893 Ergo
545 2805 740 2894 appellatur
759 2804 867 2871 Orous
887 2827 947 2871 seu
964 2805 1123 2892 Abyssus
1145 2814 1288 2895 propter
1311 2807 1434 2894 ampli-

291 2932 448 3000 tudinem
471 2933 596 3020 ipsius‚
622 2954 710 3017 quae
733 2931 907 2997 concurrit
927 2953 1004 2996 cum
1032 2932 1262 3020 amplitudine
1277 2933 1432 3020 parentis

291 3058 419 3141 Oha0s3
438 3057 577 3123 infinita
598 3056 691 3122 enim
714 3057 915 3145 appetentia
938 3056 1112 3123 infinitam
1136 3058 1293 3145 sequitur
1316 3059 1431 3126 vacui·

225 3183 270 3248 20
292 3190 399 3250 tatem
418 3190 453 3249 et
471 3183 690 3249 inanitatem.

381 3311 426 3376 H.
452 3309 662 3376 Nominatur
680 3308 840 3376 Acheron
859 3332 919 3374 seu
937 3309 1138 3395 illaetabile,
1155 3334 1218 3397 per
1237 3311 1433 3377 similitudi-

291 3459 370 3503 nem
390 3459 508 3503 eorum
527 3458 615 3522 quae
633 3441 775 3522 propter
798 3442 987 3522 egestatem
1010 3435 1125 3502 minus
1150 3443 1313 3503 contenta
1337 3445 1433 3520 sunt;

292 3566 368 3653 ipse
384 3564 539 3630 omnium
557 3562 898 3647 illaetabilissimum,
918 3563 998 3649 quia
1018 3586 1154 3630 omnem
1173 3565 1348 3651 significat
1369 3566 1435 3653 pri-

292 3691 468 3757 vationem
487 3698 522 3756 et
541 3689 698 3755 entitatis
718 3689 1021 3756 contradictoriam
1042 3691 1304 3777 oppositionem.

225 3808 269 3873 25
380 3817 444 3883 Ill.
470 3815 580 3882 Omne
603 3792 696 3902 quod
719 3817 833 3904 ipsum
857 3839 928 3883 non
951 3819 1066 3905 explet
1093 3818 1242 3883 abiicere
1267 3818 1434 3904 intelligi-

292 3955 363 4031 tur,
384 3946 464 4031 quia
483 3945 621 4011 finitum
647 3945 844 4033 appositum
865 3946 908 4010 ad
927 3946 1104 4012 infinitum
1120 3970 1180 4012 seu
1201 3970 1279 4013 cum
1298 3948 1435 4015 infinito

293 4072 461 4139 desiderio
470 4072 602 4137 nullam
613 4071 768 4137 admittit
778 4072 1036 4159 proportionem
1048 4096 1160 4160 neque
1169 4074 1434 4140 cohaerentia-m.

291 4219 459 4228 ——n

384 4286 400 4336 2
417 4284 537 4351 ejusque
560 4299 633 4350 qnae
651 4286 692 4335 A:
714 4286 775 4336 eiua
799 4301 872 4350 quae
888 4284 922 4334 M
925 4302 930 4334 :
944 4285 1022 4348 forae
1037 4301 1135 4336 eorum
1154 4301 1227 4350 quae
1291 4288 1435 4352 dorpaneo

291 4366 320 4418 ἱη
338 4368 362 4417 A
375 4373 483 4433 quattro
492 4364 595 4432 papiae
617 4383 630 4416 c
651 4382 733 4416 ruezzo
745 4365 854 4416 laec-iate
866 4364 896 4415 la
913 4363 1007 4415 licaeo
1069 4367 1099 4416 21
1119 4366 1173 4417 cio&
1185 4383 1252 4416 come
1269 4382 1295 4415 so
1315 4361 1436 4436 Ἀχέρων

291 4449 364 4513 soree
375 4444 514 4517 *ἀχαιρων
578 4446 610 4499 22
626 4453 763 4500 contenta
773 4447 806 4498 Μ
810 4464 816 4496 ;
830 4451 977 4499 contemta
989 4447 1014 4495 A
