3488 5108
640 870 750 977 (DE
803 873 1069 978 Mnalnl

370 1907 569 1992 Antequam
588 1906 644 1972 De
673 1908 818 1994 magia,
843 1907 932 1975 sicut
952 1916 1138 1994 antequam
1158 1908 1200 1974 de
1219 1931 1424 1995 quocunque

281 2032 436 2099 subiecto
456 2034 658 2117 disseratur,
684 2056 809 2099 nomen
840 2034 876 2099 in
901 2057 962 2100 sua
986 2034 1181 2120 significata
1200 2043 1253 2101 est
1272 2037 1426 2103 dividen-

282 2159 376 2241 dum;
391 2159 536 2225 totidem
552 2168 666 2225 autem
684 2168 765 2225 sunt
782 2160 977 2247 significata
994 2161 1142 2247 magiae,
1156 2169 1241 2246 quot
1257 2169 1291 2228 et
1308 2164 1424 2249 magi.

236 2277 256 2340 5
279 2286 402 2370 Magus
425 2284 536 2371 primo
560 2285 708 2351 sumitur
731 2308 794 2372 pro
818 2286 986 2373 sapiente,
1008 2286 1199 2352 cuiusmodi
1220 2292 1319 2354 arant
1339 2289 1425 2353 Tri-

279 2409 443 2496 megisti
462 2409 554 2496 apud
571 2410 776 2497 Aegyptios,
795 2410 973 2476 Druidae
992 2410 1084 2498 apud
1102 2410 1233 2496 Gallos,
1252 2412 1426 2497 Gymno·

279 2534 487 2622 sophistae
511 2534 603 2621 apud
618 2535 732 2619 Indos,
745 2536 979 2602 Cabalistae
997 2537 1090 2623 apud
1106 2536 1295 2620 HebranS,
1316 2537 1425 2623 Magi

279 2659 371 2747 apud
389 2662 518 2726 Persas¹
534 2661 607 2746 (qui
631 2661 877 2745 aZoroastre),
899 2661 1023 2748 Sophi
1054 2661 1146 2748 apud
1170 2661 1338 2744 Graecos,
1359 2662 1424 2728 Sa·

278 2785 439 2872 pientes
458 2784 550 2872 apud
563 2785 715 2852 Latinos.
728 2786 885 2851 Secundo
897 2789 1045 2852 sumitur
1062 2809 1184 2873 magus
1195 2808 1257 2874 pro
1274 2787 1424 2852 faciente

213 2909 255 2972 10
277 2909 451 2975 mirabilia
481 2910 553 2975 sola
583 2909 816 2996 applicatione
842 2910 1035 2976 activorum
1064 2921 1099 2976 et
1129 2911 1362 2998 passivorum,
1382 2917 1423 2977 ut

277 3040 329 3098 eat
349 3033 518 3100 medicina
532 3042 567 3098 et
583 3034 721 3120 chymia
735 3036 921 3101 secundum
937 3059 1060 3121 genus3
1080 3044 1115 3101 et
1133 3035 1217 3101 haec
1236 3044 1288 3101 est
1310 3043 1426 3102 natu·

277 3158 376 3224 ralis
409 3159 543 3244 magia
576 3159 804 3225 communiter
835 3161 936 3226 dicta.
969 3160 1085 3226 Tertio
1116 3161 1231 3247 magia
1261 3168 1313 3226 est
1346 3183 1424 3226 cum

276 3283 472 3349 huiusmodi
492 3284 666 3349 adduntur
683 3285 973 3369 circumstantiae,
990 3285 1115 3370 quibus
1132 3293 1302 3372 apparent
1319 3308 1423 3372 opera

277 3417 420 3473 naturae
437 3409 490 3473 vel
509 3408 761 3496 intelligentiae
781 3411 966 3496 superioris
985 3409 1030 3476 ad
1050 3410 1294 3476 concitandam
1314 3410 1423 3476 admi·

212 3531 252 3594 15
275 3533 445 3599 rationem
464 3557 526 3620 per
545 3535 763 3621 apparentia;
783 3543 817 3601 et
841 3542 892 3602 est
916 3559 955 3601 ea
974 3536 1104 3624 species
1130 3558 1218 3621 quae
1249 3535 1423 3622 praesti·

274 3658 454 3744 giatoria
475 3659 677 3746 appellatur.
699 3661 830 3738 Quarto
849 3684 926 3727 cum
946 3684 988 3727 ex
1017 3660 1235 3748 antipathiae
1267 3669 1302 3725 et
1332 3682 1421 3746 sym·

274 3783 415 3870 pathice
432 3807 546 3850 rerum
560 3786 705 3868 virtute,
724 3793 762 3852 ut
782 3811 841 3873 per
856 3810 895 3852 ea
913 3810 1001 3873 quac
1016 3787 1166 3873 pellunt,
1183 3792 1422 3871 transmutant

275 3917 310 3974 et
329 3910 524 3995 attrahunt,
544 3920 583 3976 ut
612 3920 694 3977 sunt
723 3913 852 3999 species
878 3913 1049 3999 magnetis
1076 3923 1110 3978 et
1133 3913 1316 3996 similium,
1342 3911 1441 3997 quc!

276 4059 352 4102 rum
368 4060 471 4124 opera
488 4059 558 4103 non
574 4038 618 4103 ad
635 4038 818 4123 qualitates
834 4039 965 4104 activas
979 4045 1013 4104 et
1028 4039 1184 4126 passivas
1197 4039 1420 4123 reducuntur,

369 4303 383 4350 l
407 4300 446 4352 tit.
470 4319 519 4352 one.
546 4301 599 4353 OM
675 4304 728 4351 5.ss
753 4302 919 4366 Trimegiati
944 4303 979 4353 cf.
1003 4301 1040 4351 ad
1063 4317 1098 4350 ca.
1124 4301 1156 4350 cle
1178 4301 1273 4365 Lamp.
1300 4299 1418 4353 Combin.

274 4397 303 4445 p.
317 4383 418 4443 240‚3
479 4384 562 4447 θείῃ.
576 4381 663 4447 spice.
683 4381 805 4447 »sigillos
821 4400 851 4445 p.
872 4384 929 4442 181,
946 4386 974 4430 11
1038 4383 1068 4431 ll
1086 4389 1131 4432 ost
1150 4381 1313 4447 pharmacia
1334 4382 1421 4431 madi·

276 4465 341 4514 cina
350 4461 383 4512 M
388 4466 395 4498 ¹
459 4464 489 4512 14
506 4463 747 4514 concitandumO
807 4465 838 4514 16
854 4463 1031 4529 anthipatiae
1046 4463 1075 4528 (h
1090 4461 1210 4528 murell.)
1229 4463 1251 4514 O
