3488 5108
373 806 437 871 DE
460 806 628 874 RERVM
651 807 905 874 PRINCIPIIS
928 809 988 875 ΕΤ
1010 809 1280 876 RLRMENTIS

695 987 755 1053 ΕΤ
782 987 957 1056 CAVSIS.

1066 1487 1116 1537 ΑΡ
1132 1487 1194 1538 1590

1066 1567 1098 1617 16
1113 1567 1213 1619 Martii
1222 1566 1255 1636 0)

207 1839 227 1900 5
339 1828 470 1893 Rerum
490 1849 612 1893 causae
631 1825 818 1893 efficientes
837 1831 872 1892 et
890 1832 1066 1892 moventes
1092 1833 1174 1892 sunt
1193 1825 1394 1892 intellectus

250 1959 286 2018 et
305 1953 433 2037 11111111,
458 1976 562 2040 supra
582 1951 708 2038 quibus
739 1959 791 2018 est
808 1952 1020 2040 principium
1048 1975 1157 2018 unum
1178 1951 1390 2034 absolutum,

250 2102 346 2144 mens
365 2101 424 2144 seu
443 2078 587 2162 veritaS,
609 2101 756 2164 quorum
775 2077 924 2143 essentia
947 2084 981 2142 et
1000 2078 1158 2164 potentia
1183 2084 1234 2143 est
1253 2077 1393 2142 infinita

250 2203 420 2268 intensive
440 2210 474 2268 et
490 2202 682 2269 extensive:
703 2203 895 2287 extensive,
912 2204 994 2288 quia
1011 2209 1092 2268 sunt
1108 2203 1145 2268 in
1163 2208 1237 2268 toto
1254 2201 1391 2267 infinito

249 2352 309 2396 seu
325 2329 471 2415 ubique;
489 2330 674 2416 intensive,
689 2332 771 2417 quia
789 2336 871 2397 sunt
887 2337 961 2398 tota
977 2331 1013 2396 in
1030 2337 1103 2397 tote
1119 2337 1155 2396 et
1166 2336 1242 2396 tota
1253 2329 1391 2415 ubique.

185 2461 226 2525 10
249 2454 316 2520 Sed
340 2477 436 2520 mens
459 2455 685 2540 eminentius;
704 2463 779 2523 tota
802 2457 895 2523 enim
918 2457 956 2523 in
979 2462 1053 2523 toto
1083 2463 1135 2522 est
1154 2456 1204 2521 ita
1228 2462 1268 2521 ut
1286 2454 1392 2522 etiam

248 2583 294 2650 sit
318 2588 392 2649 tota
416 2589 515 2647 extra
545 2589 658 2648 totum
688 2589 722 2648 et
749 2605 854 2670 supra
873 2589 1000 2666 totum,
1030 2581 1309 2668 quandoquidem
1340 2590 1392 2649 est

248 2731 309 2774 ens
329 2708 525 2775 absolutum
546 2717 580 2775 et
599 2733 660 2797 per
678 2734 713 2775 se
733 2717 768 2775 et
787 2708 854 2775 sibi
880 2708 1065 2775 sufficiens.
1085 2708 1287 2776 Intellectus
1311 2732 1393 2778 vero

248 2843 282 2901 et
301 2836 418 2900 anima
446 2858 516 2902 non
536 2843 618 2901 sunt
647 2842 744 2901 extra
764 2841 876 2901 totum
907 2857 1017 2922 neque
1037 2858 1143 2924 supra
1174 2843 1306 2919 totum,
1326 2838 1395 2904 nisi

248 2959 374 3026 mentis
394 2967 429 3025 et
451 2959 648 3026 intellectus
678 2958 966 3046 significationem
991 2960 1199 3046 confundes,
1227 2961 1396 3049 capiendo

183 3088 224 3152 15
247 3094 433 3172 utrumque
452 3088 516 3152 sub
537 3108 605 3153 uno
624 3085 840 3173 signifieat0;
871 3086 969 3172 atqui
989 3087 1188 3154 intellectus
1214 3095 1266 3153 est
1286 3089 1323 3154 in
1342 3089 1394 3155 in-

247 3212 490 3299 telligibilibus
509 3219 544 3277 et
563 3235 640 3278 eum
664 3211 965 3299 intelligibilibus,
990 3212 1107 3280 anima
1127 3220 1180 3279 est
1203 3236 1282 3280 eum
1303 3222 1337 3280 et
1355 3215 1392 3281 in

246 3337 462 3422 viventibus,
481 3345 555 3405 tota
580 3339 616 3403 in
637 3339 782 3424 eunetis,
803 3345 876 3404 tota
899 3339 937 3404 in
955 3338 1118 3424 singulis,
1138 3346 1173 3404 et
1192 3339 1389 3407 intellectus

246 3471 340 3530 totus
364 3465 402 3529 in
425 3465 559 3531 eunctis
583 3472 617 3532 et
635 3473 729 3532 tetus
759 3466 797 3532 in
815 3465 984 3554 singulis,
1002 3490 1099 3533 mens
1119 3475 1172 3534 est
1190 3490 1272 3534 vero
1297 3469 1333 3534 in
1354 3491 1390 3534 se

248 3589 323 3677 ipsa
342 3612 401 3656 seu
420 3614 460 3656 ea
480 3590 568 3678 ipsa,
588 3615 647 3657 seu
667 3615 702 3657 se
725 3594 809 3679 ipsa.

180 3733 225 3796 20
337 3715 409 3781 Sub
432 3716 509 3782 istis
533 3725 584 3784 est
602 3740 710 3784 unum
740 3718 895 3805 spacium
918 3718 1108 3804 infinitum,
1134 3719 1292 3786 infinitae
1311 3719 1391 3785 sub·

247 3841 396 3907 stantiae
413 3864 533 3929 capax,
554 3843 590 3908 in
610 3866 677 3928 quo
697 3843 830 3929 aliquid
848 3868 921 3910 esse
938 3852 1063 3932 potest.
1080 3845 1179 3912 Sicut
1195 3846 1288 3911 enim
1306 3845 1391 3912 haee

246 3965 415 4051 visibilia,
437 3989 523 4052 quse
542 3967 585 4032 ad
608 3976 744 4036 nestros
763 3992 882 4036 sensus
904 3971 1131 4058 perveniunt,
1151 3971 1216 4038 hoe
1234 3971 1388 4059 spaeium

246 4092 421 4179 complent
449 4092 541 4177 quod
569 4116 685 4160 eorum
710 4103 879 4181 exaequat
908 4097 1200 4184 magnitudinem,
1233 4097 1283 4163 ita
1308 4103 1390 4164 sunt

247 4239 334 4302 quae
366 4224 400 4282 et
432 4218 526 4284 aliud
557 4220 711 4308 spacium
740 4221 911 4309 ¹complere
940 4231 1086 4309 possunt
1112 4222 1168 4289 vel
1196 4222 1387 4311 complent,

337 4491 368 4541 15
384 4495 531 4557 utrunque
544 4490 576 4541 M
645 4493 676 4542 16
692 4508 757 4544 eum
771 4493 974 4560 intelligibilus
990 4494 1022 4545 Μ
1083 4496 1115 4546 19
1130 4494 1168 4546 sie
1184 4495 1217 4546 Μ

1424 809 1513 870 39²⁸
