3488 5108
269 396 325 455 136
705 408 843 454 rounam
864 409 966 456 snum

266 575 385 656 spectu
402 566 605 633 inferiorum
623 566 679 632 uel
699 565 743 631 ab
763 565 997 648 inferioribus,
1018 573 1177 654 respectu
1195 567 1347 655 parium,
1368 568 1409 635 si·

265 693 418 776 milium,
439 692 716 759 coordinatorum
742 692 797 757 vel
821 690 1144 774 condistinotorum;
1165 692 1256 760 sicut
1280 699 1332 759 est
1351 693 1409 759 ha-

266 818 345 884 bere
365 817 477 884 aDiis
496 825 531 883 et
550 838 628 885 curn
644 817 737 902 Diis,
758 817 801 883 ab
821 815 1020 883 hominibus
1039 823 1074 882 et
1093 840 1171 883 curn
1190 817 1404 902 hominibus,

266 945 309 1010 ab
333 945 524 1029 elementis,
548 943 738 1032 lapidibus,
762 943 893 1031 plantis
916 950 951 1009 et
975 942 1088 1009 brutis
1111 949 1146 1009 et
1170 965 1249 1011 cum
1273 942 1406 1010 iisdem.

222 1068 242 1129 f>
266 1068 577 1155 Subdividiturque
600 1068 665 1167 hoc
688 1069 837 1135 habere
860 1068 1047 1134 intrinsece
1066 1074 1101 1134 et
1119 1068 1327 1135 extrinsece:
1352 1069 1407 1135 in·

265 1192 414 1258 trinsece
438 1193 576 1277 quidem
600 1193 788 1259 secundum
811 1194 985 1281 potentias
1006 1193 1172 1260 animales
1196 1201 1230 1259 et
1254 1193 1409 1260 intellec·

264 1318 395 1402 tuales,
415 1323 450 1384 et
468 1317 654 1384 secundum
674 1318 849 1405 potentias
868 1319 1062 1399 naturales;
1079 1316 1269 1384 extrinsece
1289 1341 1408 1386 socun-

264 1443 346 1510 dum
376 1443 695 1529 circumstantiam,
724 1444 912 1510 secundum
940 1443 1191 1528 assistentiam,
1219 1444 1408 1512 secundum

263 1568 523 1652 inhaerentiam,
537 1569 724 1636 secundum
736 1570 885 1636 habitus.
903 1556 1152 1636 Particularius
1165 1575 1280 1636 autem
1292 1569 1410 1637 distri-

199 1707 240 1770 10
263 1694 449 1761 boantibus
469 1703 654 1761 occurrunt
673 1696 821 1782 triginta
839 1695 990 1761 habendi
1006 1695 1169 1761 rationes:

351 1822 378 1887 Ι.
397 1822 461 1887 Est
476 1843 519 1886 ex
535 1828 660 1887 natura
679 1821 867 1887 universali
887 1827 922 1885 et
941 1821 1123 1903 communi,
1141 1843 1220 1886 cum
1238 1820 1292 1886 his
1312 1821 1406 1887 vide·

262 1946 344 2011 licet
363 1968 452 2032 quae
470 1953 552 2013 sunt
570 1947 723 2034 eiusdem
742 1944 1046 2029 denominationis,
1063 1945 1226 2030 nominis,
1247 1944 1407 2014 similitu·

263 2071 371 2157 dinis,
396 2073 590 2159 analogiae,
611 2071 891 2139 coordinationis.

350 2197 395 2262 II.
416 2198 469 2263 Ex
486 2204 611 2263 natura
629 2197 765 2284 generis
790 2196 1019 2263 communiter
1043 2218 1120 2262 cum
1139 2195 1192 2262 his
1212 2181 1299 2283 quae
1323 2202 1406 2264 sunt

197 2329 241 2392 15
265 2323 328 2388 sub
348 2321 500 2388 eiusdem
519 2323 658 2388 univoci
677 2323 814 2409 generis
834 2321 1013 2388 divisione.

351 2449 414 2514 III.
435 2450 489 2515 Ex
507 2455 633 2517 natura
652 2449 868 2515 differentiae
882 2455 917 2515 et
933 2449 1059 2535 speciei
1077 2449 1306 2515 communiter
1325 2471 1403 2515 cum
1430 2455 1549 2518 155⁹

261 2573 315 2640 his
334 2596 422 2661 quae
441 2575 585 2640 eandam
604 2574 836 2657 essentialem,
856 2573 1049 2661 proximam
1073 2579 1107 2640 et
1130 2574 1325 2662 specificam
1343 2573 1402 2641 ha·

264 2699 347 2765 bent
366 2699 612 2766 definitionem.

350 2825 409 2892 IV.
429 2825 482 2890 Ex
501 2832 627 2891 natura
644 2825 885 2913 proprietatis,
904 2848 991 2911 quae
1008 2824 1229 2910 consequitur
1246 2824 1404 2891 differen-

196 2952 240 3016 ‘20
262 2951 348 3017 tiam
368 2951 600 3033 essentialem,
622 2974 710 3036 quac
730 2956 864 3037 semper
883 2959 934 3016 est
953 2951 1148 3038 multiplex.

350 3076 390 3143 V.
410 3076 474 3142 Est
491 3076 580 3141 ratio
599 3075 750 3141 habendi
776 3100 817 3141 ex
844 3076 1076 3164 appropriatis
1095 3084 1129 3141 et
1150 3076 1335 3154 adiunctis,
1352 3084 1405 3142 ut·

262 3208 342 3288 pote
361 3201 569 3287 generaliter
588 3224 630 3266 ex
648 3200 702 3267 his
718 3202 877 3268 omnibus
905 3226 992 3287 quae
1016 3209 1097 3269 sunt
1116 3202 1204 3268 citra
1224 3203 1404 3289 proprium

262 3333 297 3390 et
316 3325 557 3391 differentiam.

352 3451 410 3515 VI.
429 3453 483 3517 Ex
501 3454 616 3539 gratia
635 3452 754 3519 divina
773 3453 1042 3539 particulariter,
1059 3462 1180 3540 utpote
1192 3454 1253 3519 ubi
1269 3454 1404 3539 aliquid

196 3580 239 3645 95
263 3600 333 3643 non
352 3600 394 3643 ex
409 3577 591 3664 principiis
611 3578 827 3644 naturalibus
851 3601 962 3664 neque
982 3600 1024 3643 ex
1047 3587 1133 3662 arte,
1154 3579 1273 3644 sodex
1298 3601 1402 3667 supra

262 3710 296 3767 et
315 3710 414 3769 extra
429 3704 621 3769 naturalem
642 3703 813 3768 rationem
831 3704 1036 3790 possidetur.

350 3829 427 3895 Vll.
454 3828 669 3894 Generaliter
693 3851 734 3894 ex
757 3829 847 3896 dono
872 3840 906 3896 et
930 3830 1160 3913 concessione,
1185 3830 1246 3895 ubi
1271 3830 1402 3916 aliquid

262 3954 428 4021 habemus
451 3954 488 4019 in
512 3953 678 4020 facultate
702 3955 902 4035 admisaive,
927 3964 1047 4042 utpote
1070 3957 1196 4040 quibus
1225 3956 1403 4043 dispensa-

261 4093 358 4151 tura
377 4084 452 4169 lege
472 4091 506 4149 et
525 4084 608 4150 iure.

270 4292 638 4301 u———Q—ffl-
655 4294 672 4299 -
696 4293 711 4299 -
733 4294 858 4299 ..ῃ-η
1052 4296 1141 4301 --..,-.
1213 4297 1223 4300 -
1304 4295 1346 4301 --.
1373 4294 1401 4301 -

353 4394 367 4440 4
385 4392 419 4441 ab
440 4391 590 4441 elementis
609 4392 651 4442 M:
674 4382 740 4441 ἰῶ
760 4389 825 4454 (aiot
844 4391 960 4457 habore)
984 4393 1087 4442 montis
1109 4394 1132 4443 .·1
1214 4394 1247 4444 22
1263 4394 1336 4443 citra
1362 4394 1400 4443 A:

261 4472 336 4526 eirca
346 4472 379 4524 M
439 4473 470 4523 25
486 4471 636 4541 principiis
649 4472 680 4521 Μ
683 4491 688 4521 :
707 4471 919 4541 principibusA
