3488 5108
314 385 374 443 558
754 401 895 445 1011111111
917 401 1019 447 surm

313 561 429 619 monte
448 555 564 621 Horeb
584 555 718 641 accepit
737 554 914 634 ducatum,
935 553 972 619 iu
996 561 1113 619 monte
1142 553 1240 621 Sinai
1268 555 1399 643 legem,
1429 562 1470 620 et

312 679 422 744 multa
441 701 518 745 cum
538 679 743 745 difficultate
762 701 839 746 cum
860 677 1057 744 vastissimo
1076 678 1204 766 populo
1232 680 1317 746 illuc
1335 701 1404 768 pro
1424 702 1468 746 ea

312 804 512 891 accipienda
527 803 783 891 commigravit,
801 811 968 890 tanquam
981 826 1051 868 non
1069 803 1198 889 ubique
1213 803 1305 870 idem
1321 805 1467 888 liceret;

312 928 468 1012 Balaam,
489 951 567 994 cum
586 928 806 994 malediceret
824 928 961 1014 Israeli,
982 928 1160 994 inducitur
1189 928 1355 996 lustrasse
1384 929 1467 995 loca

266 1062 288 1126 5
311 1076 371 1118 seu
387 1054 489 1119 colles
508 1060 657 1141 septem,
672 1052 858 1138 Abraham,
871 1060 911 1119 ut
923 1052 1063 1119 offerret
1074 1051 1194 1139 filium,
1207 1053 1404 1121 ambulavit
1417 1052 1467 1120 ad

311 1187 464 1244 montem
482 1178 703 1266 designatum
717 1185 821 1265 atque
834 1185 979 1263 certum,
995 1202 1098 1265 quem
1114 1179 1207 1245 Deus
1224 1178 1275 1245 illi
1290 1187 1467 1246 monstra-

311 1303 381 1387 vit;
410 1303 529 1369 Helias
558 1304 621 1370 sub
650 1304 810 1391 iunipero
838 1304 1007 1370 recubans
1033 1302 1249 1370 confortatus
1275 1311 1328 1370 est
1352 1328 1373 1370 a
1399 1327 1466 1371 suo

310 1428 465 1511 numine,
486 1435 521 1494 et
543 1435 583 1495 ut
606 1429 777 1516 acciperet
807 1429 995 1511 oraculum,
1020 1437 1244 1516 praeceptum
1270 1435 1324 1495 est
1345 1430 1402 1495 illi
1422 1436 1466 1494 ut

310 1553 542 1641 quadraginta
560 1553 695 1619 dierum
719 1559 754 1619 et
773 1554 928 1619 noctium
952 1555 1019 1619 iter
1042 1562 1243 1641 perageret;
1264 1554 1360 1621 Deus
1391 1555 1465 1619 He·

245 1686 287 1750 10
310 1677 492 1745 braeorum
510 1679 623 1744 locum
643 1680 681 1745 in
700 1701 768 1764 quo
787 1678 855 1744 sibi
874 1679 1126 1746 sacrificaretur
1145 1687 1278 1746 certum
1295 1687 1330 1745 et
1348 1702 1462 1745 unum

311 1804 466 1869 instituit
486 1811 638 1870 montem
657 1804 759 1887 Sion,
779 1805 884 1870 Iacob
904 1827 982 1869 cum
1000 1805 1036 1870 in
1057 1804 1343 1892 Mesopotamiam
1361 1827 1463 1893 pere·

309 1930 622 2016 grinaretur,oun1
648 1936 737 1995 esset
764 1929 824 1994 lux
854 1936 933 2016 post
962 1952 1119 1996 occasum
1147 1930 1244 2012 solis,
1276 1931 1462 2018 supposito

310 2053 424 2141 lapide
443 2055 507 2120 sub
527 2055 640 2142 capite
656 2055 840 2141 mysticam
864 2056 961 2120 illam
980 2055 1108 2121 scalam
1127 2055 1330 2121 somniando
1351 2055 1458 2141 vidit,

311 2187 345 2246 et
364 2180 530 2246 virtutem
549 2180 670 2245 retulit
689 2179 732 2244 ed
751 2179 916 2268 lapidem,
937 2204 1039 2266 quem
1057 2180 1184 2247 ‘erexit
1217 2182 1254 2246 in
1281 2180 1457 2265 titulum',

246 2307 287 2372 15
310 2305 384 2371 oleo
403 2306 553 2371 sacravit
571 2313 605 2370 ct
624 2304 714 2383 dixit
729 2305 823 2371 ‘vere
842 2307 936 2372 locus
956 2305 1021 2372 iste
1041 2314 1180 2372 sanctus
1200 2312 1265 2389 est;
1286 2311 1291 2392 Ι
1311 2315 1459 2373 nonest
1485 2311 1581 2375 52⁹

309 2430 366 2495 hio
385 2430 480 2496 aliud
497 2430 566 2495 nisi
582 2430 703 2497 domus
720 2429 809 2495 Dei'.
829 2431 907 2495 Huc
925 2431 1078 2518 pertinet
1097 2430 1202 2497 etiam
1222 2430 1458 2516 considerare,

311 2557 499 2643 quodcum
518 2578 645 2642 magno
664 2562 878 2621 sacramento
899 2556 1075 2622 Abrabam
1097 2558 1212 2624 locum
1235 2579 1317 2623 suae
1345 2557 1462 2645 sepul-

310 2689 408 2747 turae
432 2681 559 2747 statuit
576 2681 614 2746 in
635 2680 771 2746 Sichcm
790 2681 865 2746 loco
883 2679 971 2768 (qui)
994 2681 1122 2749 dicitur
1140 2682 1302 2764 Hebron;
1326 2681 1460 2748 ibidem

311 2805 415 2871 Sarac
428 2805 585 2891 coniugis
604 2806 866 2891 requiescebant
878 2828 963 2891 ossa,
974 2807 1025 2872 ibi
1040 2808 1137 2873 Isaac
1149 2815 1183 2872 et
1196 2808 1315 2892 lacob;
1328 2808 1458 2895 Ioseph

243 2944 288 3006 20
310 2932 347 2995 iu
360 2931 522 3017 Aegypto
542 2953 620 2996 oum
639 2938 829 2995 moreretur
843 2939 936 2997 arcto
949 2939 1133 3019 praecepto
1153 2932 1306 2998 iniunxit
1316 2933 1401 3018 suiS,
1414 2938 1457 2998 ut

311 3058 384 3124 eius
404 3080 479 3124 ossa
498 3065 577 3145 post
594 3058 699 3142 longa
719 3064 873 3144 tempora
893 3059 1166 3124 transferrentur
1185 3059 1222 3124 in
1241 3059 1388 3123 eundem
1408 3058 1458 3123 lo-

312 3212 402 3271 cum,
419 3188 511 3273 quod
531 3210 613 3253 sane
632 3187 807 3273 significat
826 3188 917 3274 apud
937 3189 1014 3255 illos
1034 3210 1103 3253 nou
1123 3188 1272 3253 valuisse
1289 3187 1385 3252 illam
1405 3188 1460 3253 in-

310 3313 543 3379 differentiam
562 3312 804 3398 Diogenicam‚
824 3314 878 3377 cui
903 3314 1029 3378 sufficit
1049 3313 1181 3379 caelum
1205 3294 1267 3399 pro
1295 3319 1405 3395 tecto,
1421 3322 1459 3378 et

310 3440 510 3504 universum
529 3438 683 3525 spacium
703 3460 765 3523 pro
790 3438 980 3524 sepultura,
1010 3447 1044 3503 et
1076 3439 1161 3504 caeli
1186 3436 1362 3525 lampades
1392 3460 1457 3524 pro

244 3577 287 3640 2⁸)
312 3564 518 3629 solennitate
538 3563 685 3628 funebri.
706 3564 800 3628 Haec
816 3563 938 3649 religio
958 3564 1111 3629 locorum
1142 3587 1213 3629 nou
1243 3563 1355 3629 solum
1386 3564 1459 3627 He·

312 3691 435 3775 bracis,
452 3691 511 3756 sed
533 3697 567 3755 et
588 3692 754 3755 Romanis
772 3702 805 3754 et
823 3690 964 3755 Graecis
981 3697 1015 3755 et
1031 3690 1218 3783 Aegyptiis
1237 3690 1305 3757 fuit
1325 3691 1459 3777 optimc

311 3818 500 3882 observata.
520 3816 599 3881 Non
628 3817 702 3881 sine
731 3816 798 3881 loci
826 3816 980 3903 auspicio
1011 3816 1181 3882 Romulus
1201 3817 1314 3901 prima
1332 3815 1460 3881 funda-

309 3948 426 4006 menta
447 3941 526 4006 iecit
546 3948 579 4004 et
599 3941 734 4005 diversa
754 3942 884 4028 templa
899 3941 1044 4005 diversis
1063 3942 1207 4007 collibus
1225 3943 1317 4006 iutra
1334 3941 1457 4006 carlom

310 4067 446 4133 moenia
465 4065 634 4147 instituit,
653 4068 777 4132 Cacsar
797 4067 950 4153 auspicia
975 4066 1086 4132 futuri
1111 4067 1210 4150 belli,
1235 4068 1401 4132 victoriae
1420 4076 1459 4132 et

1397 4260 1450 4268 .-

404 4369 433 4418 18
450 4368 574 4417 suliulam
590 4367 620 4416 Μ
684 4370 720 4416 14.
733 4369 763 4416 lu
781 4367 845 4417 (leri.
864 4368 908 4427 28,
923 4366 952 4414 17
966 4383 1003 4429 sq.
1070 4369 1100 4416 18
1115 4365 1185 4429 dopo
1202 4367 1314 4417 Sichem
1332 4366 1457 4418 caucella

311 4463 393 4515 quem
407 4447 501 4513 appell
513 4448 542 4496 Μ
603 4448 643 4496 22.
654 4448 684 4496 2³
701 4449 777 4497 illam
794 4447 984 4498 differentium
999 4446 1032 4496 M
