3488 5108
669 410 797 455 neuras
817 408 976 456 rarorum
998 408 1202 457 ammam.
1467 394 1503 454 11

452 565 512 632 VI.
539 565 651 631 Chaos
677 587 788 651 neque
816 565 891 651 agit
919 566 1102 651 quicquam
1130 587 1242 650 neque
1266 563 1414 651 patitur,
1445 562 1504 628 sed

365 689 519 757 omnium
544 695 596 755 est
626 689 890 772 otiosissimum;
918 690 955 754 in
983 689 1059 776 ipso
1090 689 1184 755 enim
1212 689 1324 755 omnis
1348 687 1439 754 actio
1469 695 1504 753 et

364 815 477 903 passio
496 822 548 880 est
566 814 630 897 ita,
650 821 689 879 ut
713 814 828 901 ipsum
848 813 990 880 minime
1008 814 1118 902 possit
1136 813 1273 900 attingi.
1294 813 1389 879 Haec
1408 812 1502 878 enim

365 941 431 1007 duo
454 940 555 1028 ipsis,
581 962 668 1026 quae
695 939 813 1025 aliqua
836 940 965 1005 virtute
992 946 1026 1004 et
1055 939 1224 1025 qualitate
1256 939 1311 1005 vel
1339 937 1505 1026 composi-

318 1063 340 1127 5
363 1065 459 1132 tione
481 1072 562 1132 sunt
581 1064 718 1148 affecta,
738 1072 948 1152 congruunt,
969 1065 1160 1131 cuiusmodi
1176 1086 1324 1133 vacuum
1342 1085 1413 1131 nou
1432 1086 1504 1131 esse

364 1198 508 1257 constat.

451 1315 530 1381 VII.
558 1315 667 1381 Extra
693 1314 807 1403 ipsum
832 1314 921 1380 nihil
940 1322 993 1380 est
1020 1322 1055 1380 et
1080 1315 1168 1381 nihil
1198 1314 1348 1402 intelligi
1371 1321 1503 1402 potest3

364 1464 464 1508 omne
488 1441 581 1507 enim
604 1441 771 1529 spatium,
792 1463 893 1507 omne
911 1462 1048 1528 cerpus,
1072 1463 1174 1507 omne
1197 1440 1505 1524 dimensionatum,

364 1568 477 1634 omnis
502 1575 752 1654 consequenter
771 1566 939 1632 dimensio
958 1567 987 1632 si
1007 1567 1194 1633 terminum
1214 1566 1375 1655 suscipit,
1400 1564 1509 1653 parti·

297 1696 341 1759 10
364 1695 479 1761 culare
497 1716 518 1760 a
536 1693 740 1782 particulari
759 1692 898 1781 recipit,
918 1715 998 1780 pars
1023 1716 1042 1758 a
1066 1700 1180 1780 parte,
1199 1698 1275 1758 tota
1298 1714 1379 1758 vero
1404 1713 1507 1779 quae·

362 1819 442 1886 dam
461 1826 496 1887 et
514 1819 674 1885 absoluta
693 1841 736 1884 ne
755 1818 843 1905 fingi
858 1817 997 1904 quidem
1016 1824 1140 1905 potest.
1161 1817 1261 1896 Quod
1281 1838 1358 1882 cum
1377 1816 1427 1882 ita
1446 1815 1505 1899 sit,

361 1953 452 2011 recte
471 1944 600 2010 dicitur
618 1951 732 2010 extra
755 1943 890 2030 ipsum
914 1966 1000 2008 esse
1023 1942 1139 2008 nihil.

449 2073 546 2139 VIII.
571 2073 626 2138 Ita
646 2079 697 2137 est
719 2079 845 2137 natura
864 2076 900 2136 et
918 2070 1026 2137 veluti
1051 2069 1233 2136 duratione
1256 2067 1411 2134 omnium
1434 2066 1504 2154 pri·
1530 2063 1639 2125 101v

362 2221 470 2282 mum,
494 2205 591 2264 utet
622 2197 876 2280 universorum,
901 2219 988 2283 quae
1014 2196 1118 2261 finem
1144 2194 1274 2260 habent
1301 2215 1372 2261 non
1395 2193 1507 2259 solum

299 2328 341 2393 15
365 2324 570 2407 durationis,
590 2323 649 2390 sed
668 2331 703 2389 et
722 2321 987 2410 magnitudinis.

451 2450 514 2515 IX.
540 2448 713 2536 Quicquid
732 2456 799 2531 est,
823 2470 900 2515 cum
925 2447 999 2535 ipso
1023 2447 1079 2513 vel
1106 2447 1143 2512 in
1169 2446 1244 2532 ipso
1271 2450 1323 2511 cst
1346 2450 1407 2511 aut
1431 2443 1507 2531 agit

363 2582 424 2642 aut
462 2584 640 2663 operatur,
673 2575 745 2641 sive
776 2574 957 2640 dividuum
989 2574 1035 2639 sit
1070 2573 1142 2638 sive
1171 2569 1404 2653 individuum,
1433 2568 1505 2634 sive

363 2723 563 2788 corporeum
586 2700 659 2767 sive
679 2701 933 2787 incorporeum;
958 2707 992 2765 st
1017 2698 1092 2763 ideo
1117 2696 1190 2762 eius
1208 2694 1440 2783 praesentiam
1456 2694 1507 2759 ui-

362 2830 413 2896 hil
434 2830 530 2897 valet
553 2829 714 2915 effugere.
739 2827 859 2912 Neque
886 2826 1015 2892 etenim
1043 2825 1184 2912 plenum
1213 2823 1340 2910 ipsum,
1368 2821 1397 2887 si
1421 2820 1507 2887 divi-

295 2962 341 3026 20
363 2956 470 3023 dnum
489 2965 555 3039 est,
570 2979 648 3022 curn
666 2954 767 3022 vacui
787 2952 1060 3019 dimensionibus
1080 2972 1150 3016 non
1167 2948 1357 3030 concurrit;
1374 2949 1403 3014 si
1420 2946 1507 3013 indi-

363 3083 519 3167 viduum,
540 3106 618 3149 cnm
639 3082 713 3169 ipso
731 3079 913 3146 individuo
932 3101 1003 3143 non
1020 3076 1200 3157 coincidit;
1218 3075 1246 3141 si
1263 3072 1505 3155 immateriale,

362 3233 432 3276 non
451 3210 502 3277 ita
520 3211 594 3275 sine
618 3210 694 3296 ipso
716 3206 942 3293 intelligitur,
967 3211 1006 3270 ut
1034 3211 1069 3269 et
1092 3209 1190 3268 extra
1216 3203 1330 3290 ipsum
1354 3199 1506 3287 intelligi

362 3335 473 3423 possit
491 3357 647 3401 vacuum.

451 3461 497 3528 X.
526 3461 637 3527 Chaos
668 3467 720 3525 est
750 3456 1075 3524 incommunicabile
1105 3462 1140 3520 et
1170 3452 1319 3519 maxime
1350 3452 1505 3518 omnium

295 3596 340 3662 25
363 3613 519 3672 avarum,
540 3589 621 3675 quia
640 3586 728 3652 nihil
752 3585 812 3650 dat
835 3583 944 3649 veluti
964 3583 1006 3648 de
1030 3605 1093 3648 sua
1112 3580 1308 3646 substantia
1327 3579 1504 3659 emittens,

362 3719 451 3785 nihil
479 3716 603 3804 recipit
630 3715 667 3779 in
696 3736 792 3779 suam
820 3711 929 3777 veluti
955 3710 1147 3777 immittens
1175 3706 1423 3787 substantiam;
1446 3704 1505 3770 sed

364 3846 455 3934 quod
471 3843 586 3911 omnia
606 3841 796 3923 contineat,
816 3838 866 3903 ite
885 3838 1062 3904 continere
1081 3832 1292 3918 intelligitur
1311 3840 1346 3898 et
1364 3832 1505 3916 hahere,

454 4139 493 4189 15.
504 4138 534 4187 15
550 4131 847 4200 Ita-magnitudinis
864 4132 902 4183 A:
920 4131 1029 4183 Deinde
1047 4136 1258 4196 consequenter
1279 4147 1296 4180 ε
1317 4129 1448 4197 proxime
1470 4143 1506 4177 ex

363 4235 396 4271 eo
408 4220 483 4283 quod
497 4223 580 4269 extra
591 4219 685 4283 ipsum
700 4216 772 4266 nihil
786 4220 843 4277 est,
859 4215 899 4264 ita
912 4218 957 4263 est
970 4212 1093 4276 Neturd,
1110 4219 1140 4262 et
1154 4210 1336 4262 veluti-sed
1353 4215 1381 4260 ει
1399 4207 1507 4272 magni·

363 4299 472 4351 tudinis
488 4299 527 4349 sit
543 4304 719 4359 extremum,
738 4295 874 4362 quicquid
896 4293 1084 4355 terminatur,
1107 4292 1142 4342 ad
1165 4293 1259 4357 ipsum
1282 4291 1456 4340 terminatur
1476 4287 1509 4338 M

363 4382 394 4432 16
410 4381 519 4431 Deinde
535 4377 672 4445 quicquid
688 4376 720 4426 M
726 4413 732 4439 ,
748 4394 760 4426 c
774 4374 925 4426 ainaihacnle
940 4392 963 4424 υ.
976 4375 1012 4422 24
1027 4373 1138 4424 Deinde
1156 4373 1260 4434 Chaos,
1279 4387 1308 4434 p.
1333 4373 1376 4432 12,
1391 4371 1409 4417 3
1423 4370 1507 4420 Prac-

327 4501 329 4506 .
363 4466 441 4513 terea
453 4466 498 4512 est
511 4460 646 4526 quiddam
662 4455 719 4523 (aie)
733 4463 778 4508 etc.
843 4461 888 4506 est
902 4470 966 4506 cum
979 4455 1041 4520 ipso
1054 4454 1099 4504 vel
1111 4454 1141 4503 in
1155 4454 1231 4520 ips0;
1246 4457 1352 4503 estant
1363 4452 1387 4501 A
