<?xml version="1.0" encoding="UTF-8"?>
<!DOCTYPE html PUBLIC "-//W3C//DTD XHTML 1.0 Transitional//EN"
    "http://www.w3.org/TR/xhtml1/DTD/xhtml1-transitional.dtd">
<html xmlns="http://www.w3.org/1999/xhtml" xml:lang="en" lang="en">
 <head>
  <title>
</title>
<meta http-equiv="Content-Type" content="text/html;charset=utf-8" />
  <meta name='ocr-system' content='tesseract 3.04.00' />
  <meta name='ocr-capabilities' content='ocr_page ocr_carea ocr_par ocr_line ocrx_word'/>
</head>
<body>
  <div class='ocr_page' id='page_1' title='image "./jordanibruninol05brungoog_0436.png"; bbox 0 0 3488 5108; ppageno 0'>
   <div class='ocr_carea' id='block_1_1' title="bbox 536 428 1497 486">
    <p class='ocr_par' dir='ltr' id='par_1_1' title="bbox 536 428 1497 486">
     <span class='ocr_line' id='line_1_1' title="bbox 536 428 1497 486; baseline 0.014 -13"><span class='ocrx_word' id='word_1_1' title='bbox 536 428 625 473; x_wconf 74' lang='lat' dir='ltr'>lunai</span> <span class='ocrx_word' id='word_1_2' title='bbox 648 429 858 473; x_wconf 73' lang='lat' dir='ltr'>PllYsslt&#39;ORVM</span> <span class='ocrx_word' id='word_1_3' title='bbox 882 431 1094 478; x_wconf 69' lang='lat' dir='ltr'>ARISTOTELIS</span> <span class='ocrx_word' id='word_1_4' title='bbox 1115 436 1311 484; x_wconf 63' lang='lat' dir='ltr'>narrarunt.</span> <span class='ocrx_word' id='word_1_5' title='bbox 1439 428 1497 486; x_wconf 68' lang='lat'>3⁴39</span> 
     </span>
    </p>
   </div>
   <div class='ocr_carea' id='block_1_2' title="bbox 295 583 1672 2933">
    <p class='ocr_par' dir='ltr' id='par_1_2' title="bbox 295 583 1672 2933">
     <span class='ocr_line' id='line_1_2' title="bbox 358 583 1497 673; baseline 0.01 -20"><span class='ocrx_word' id='word_1_6' title='bbox 358 589 437 673; x_wconf 81' lang='lat' dir='ltr'>igue</span> <span class='ocrx_word' id='word_1_7' title='bbox 461 593 531 663; x_wconf 70' lang='lat' dir='ltr'>aer,</span> <span class='ocrx_word' id='word_1_8' title='bbox 556 583 646 649; x_wconf 88' lang='lat' dir='ltr'>uude</span> <span class='ocrx_word' id='word_1_9' title='bbox 670 592 704 647; x_wconf 90' lang='lat' dir='ltr'>et</span> <span class='ocrx_word' id='word_1_10' title='bbox 728 583 811 648; x_wconf 80' lang='lat' dir='ltr'>lraee.</span> <span class='ocrx_word' id='word_1_11' title='bbox 834 594 927 650; x_wconf 84' lang='lat' dir='ltr'>rceta</span> <span class='ocrx_word' id='word_1_12' title='bbox 951 587 1197 655; x_wconf 67' lang='lat' dir='ltr'><strong>elomentorum</strong></span> <span class='ocrx_word' id='word_1_13' title='bbox 1224 592 1308 657; x_wconf 88' lang='lat' dir='ltr'>latio</span> <span class='ocrx_word' id='word_1_14' title='bbox 1332 595 1497 664; x_wconf 82' lang='lat' dir='ltr'>beneficio</span> 
     </span>
     <span class='ocr_line' id='line_1_3' title="bbox 357 706 1391 784; baseline 0.006 -6"><span class='ocrx_word' id='word_1_15' title='bbox 357 710 541 778; x_wconf 89' lang='lat' dir='ltr'>continuae</span> <span class='ocrx_word' id='word_1_16' title='bbox 561 706 795 773; x_wconf 85' lang='lat' dir='ltr'>circulationis</span> <span class='ocrx_word' id='word_1_17' title='bbox 813 710 916 774; x_wconf 86' lang='lat' dir='ltr'>etiam</span> <span class='ocrx_word' id='word_1_18' title='bbox 938 733 998 777; x_wconf 85' lang='lat' dir='ltr'>suo</span> <span class='ocrx_word' id='word_1_19' title='bbox 1019 713 1118 778; x_wconf 90' lang='lat' dir='ltr'>modo</span> <span class='ocrx_word' id='word_1_20' title='bbox 1143 715 1308 781; x_wconf 81' lang='lat' dir='ltr'>contiuua</span> <span class='ocrx_word' id='word_1_21' title='bbox 1331 730 1391 784; x_wconf 84' lang='lat' dir='ltr'>est.</span> 
     </span>
     <span class='ocr_line' id='line_1_4' title="bbox 446 833 1500 926; baseline 0.014 -30"><span class='ocrx_word' id='word_1_22' title='bbox 446 856 479 893; x_wconf 82' lang='lat' dir='ltr'>oo.</span> <span class='ocrx_word' id='word_1_23' title='bbox 504 834 550 898; x_wconf 84' lang='lat' dir='ltr'>Et</span> <span class='ocrx_word' id='word_1_24' title='bbox 573 833 654 898; x_wconf 90' lang='lat' dir='ltr'>hinc</span> <span class='ocrx_word' id='word_1_25' title='bbox 682 833 762 898; x_wconf 87' lang='lat' dir='ltr'>lieet</span> <span class='ocrx_word' id='word_1_26' title='bbox 790 834 923 916; x_wconf 80' lang='lat' dir='ltr'>videre,</span> <span class='ocrx_word' id='word_1_27' title='bbox 950 838 1121 921; x_wconf 88' lang='lat' dir='ltr'>quomodo</span> <span class='ocrx_word' id='word_1_28' title='bbox 1148 841 1422 926; x_wconf 85' lang='lat' dir='ltr'>resporulendum</span> <span class='ocrx_word' id='word_1_29' title='bbox 1453 846 1500 910; x_wconf 83' lang='lat' dir='ltr'>sit</span> 
     </span>
     <span class='ocr_line' id='line_1_5' title="bbox 359 958 1501 1047; baseline 0.005 -18"><span class='ocrx_word' id='word_1_30' title='bbox 359 958 616 1047; x_wconf 82' lang='lat' dir='ltr'>ambigentibus</span> <span class='ocrx_word' id='word_1_31' title='bbox 635 964 669 1022; x_wconf 93' lang='lat' dir='ltr'>et</span> <span class='ocrx_word' id='word_1_32' title='bbox 686 959 944 1042; x_wconf 74' lang='lat' dir='ltr'>quaerentibus,</span> <span class='ocrx_word' id='word_1_33' title='bbox 965 962 1135 1045; x_wconf 81' lang='lat' dir='ltr'>‹promodo</span> <span class='ocrx_word' id='word_1_34' title='bbox 1151 965 1315 1032; x_wconf 85' lang='lat' dir='ltr'>continua</span> <span class='ocrx_word' id='word_1_35' title='bbox 1332 977 1501 1035; x_wconf 85' lang='lat' dir='ltr'>transmu-</span> 
     </span>
     <span class='ocr_line' id='line_1_6' title="bbox 314 1083 1500 1172; baseline 0.005 -19"><span class='ocrx_word' id='word_1_36' title='bbox 314 1089 335 1152; x_wconf 81' lang='lat'>5</span> <span class='ocrx_word' id='word_1_37' title='bbox 357 1088 489 1153; x_wconf 87' lang='lat' dir='ltr'>tatione</span> <span class='ocrx_word' id='word_1_38' title='bbox 508 1085 676 1149; x_wconf 87' lang='lat' dir='ltr'>elementa</span> <span class='ocrx_word' id='word_1_39' title='bbox 692 1105 763 1148; x_wconf 87' lang='lat' dir='ltr'>uon</span> <span class='ocrx_word' id='word_1_40' title='bbox 779 1083 939 1149; x_wconf 87' lang='lat' dir='ltr'>diffluant</span> <span class='ocrx_word' id='word_1_41' title='bbox 958 1092 992 1151; x_wconf 88' lang='lat' dir='ltr'>et</span> <span class='ocrx_word' id='word_1_42' title='bbox 1008 1086 1138 1172; x_wconf 91' lang='lat' dir='ltr'>aliquid</span> <span class='ocrx_word' id='word_1_43' title='bbox 1159 1111 1275 1154; x_wconf 89' lang='lat' dir='ltr'>eorum</span> <span class='ocrx_word' id='word_1_44' title='bbox 1293 1113 1361 1156; x_wconf 90' lang='lat' dir='ltr'>non</span> <span class='ocrx_word' id='word_1_45' title='bbox 1376 1100 1500 1159; x_wconf 87' lang='lat' dir='ltr'>attera-</span> 
     </span>
     <span class='ocr_line' id='line_1_7' title="bbox 360 1209 1672 1297; baseline 0.006 -18"><span class='ocrx_word' id='word_1_46' title='bbox 360 1223 418 1279; x_wconf 88' lang='lat' dir='ltr'>tur</span> <span class='ocrx_word' id='word_1_47' title='bbox 437 1209 642 1297; x_wconf 79' lang='lat' dir='ltr'>quandoque</span> <span class='ocrx_word' id='word_1_48' title='bbox 662 1230 731 1273; x_wconf 89' lang='lat' dir='ltr'>nno</span> <span class='ocrx_word' id='word_1_49' title='bbox 750 1230 854 1295; x_wconf 85' lang='lat' dir='ltr'>supra</span> <span class='ocrx_word' id='word_1_50' title='bbox 873 1209 940 1274; x_wconf 90' lang='lat' dir='ltr'>alia</span> <span class='ocrx_word' id='word_1_51' title='bbox 961 1213 966 1294; x_wconf 84' lang='grc'>1</span> <span class='ocrx_word' id='word_1_52' title='bbox 987 1211 1278 1295; x_wconf 88' lang='lat' dir='ltr'>praedominante.</span> <span class='ocrx_word' id='word_1_53' title='bbox 1294 1215 1392 1282; x_wconf 68' lang='lat' dir='ltr'>Sicut</span> <span class='ocrx_word' id='word_1_54' title='bbox 1407 1219 1499 1284; x_wconf 83' lang='lat' dir='ltr'>eninr</span> <span class='ocrx_word' id='word_1_55' title='bbox 1526 1223 1614 1285; x_wconf 72' lang='grc'>68*</span> <span class='ocrx_word' id='word_1_56' title='bbox 1626 1226 1672 1287; x_wconf 91' lang='grc' dir='ltr'>Β</span> 
     </span>
     <span class='ocr_line' id='line_1_8' title="bbox 360 1333 1498 1427; baseline 0.004 -23"><span class='ocrx_word' id='word_1_57' title='bbox 360 1335 459 1404; x_wconf 90' lang='lat' dir='ltr'>modo</span> <span class='ocrx_word' id='word_1_58' title='bbox 476 1334 679 1414; x_wconf 87' lang='lat' dir='ltr'>dictumest,</span> <span class='ocrx_word' id='word_1_59' title='bbox 693 1355 770 1398; x_wconf 89' lang='lat' dir='ltr'>cum</span> <span class='ocrx_word' id='word_1_60' title='bbox 785 1333 939 1419; x_wconf 86' lang='lat' dir='ltr'>aequalis</span> <span class='ocrx_word' id='word_1_61' title='bbox 955 1335 1002 1400; x_wconf 85' lang='lat' dir='ltr'>sit</span> <span class='ocrx_word' id='word_1_62' title='bbox 1018 1336 1099 1401; x_wconf 83' lang='lat' dir='ltr'>solis</span> <span class='ocrx_word' id='word_1_63' title='bbox 1114 1359 1267 1404; x_wconf 86' lang='lat' dir='ltr'>accessus</span> <span class='ocrx_word' id='word_1_64' title='bbox 1284 1347 1318 1405; x_wconf 90' lang='lat' dir='ltr'>et</span> <span class='ocrx_word' id='word_1_65' title='bbox 1333 1363 1498 1427; x_wconf 86' lang='lat' dir='ltr'>recessus,</span> 
     </span>
     <span class='ocr_line' id='line_1_9' title="bbox 359 1459 1501 1550; baseline 0.001 -20"><span class='ocrx_word' id='word_1_66' title='bbox 359 1461 511 1549; x_wconf 85' lang='lat' dir='ltr'>aequalis</span> <span class='ocrx_word' id='word_1_67' title='bbox 531 1466 583 1525; x_wconf 87' lang='lat' dir='ltr'>est</span> <span class='ocrx_word' id='word_1_68' title='bbox 601 1459 846 1524; x_wconf 72' lang='lat' dir='ltr'>transmutatio</span> <span class='ocrx_word' id='word_1_69' title='bbox 867 1481 908 1523; x_wconf 86' lang='lat' dir='ltr'>ex</span> <span class='ocrx_word' id='word_1_70' title='bbox 928 1482 1018 1546; x_wconf 91' lang='lat' dir='ltr'>aqua</span> <span class='ocrx_word' id='word_1_71' title='bbox 1038 1460 1073 1525; x_wconf 93' lang='lat' dir='ltr'>in</span> <span class='ocrx_word' id='word_1_72' title='bbox 1090 1469 1203 1527; x_wconf 68' lang='lat' dir='ltr'>aerem</span> <span class='ocrx_word' id='word_1_73' title='bbox 1223 1462 1299 1550; x_wconf 88' lang='lat' dir='ltr'>ipso</span> <span class='ocrx_word' id='word_1_74' title='bbox 1319 1466 1501 1533; x_wconf 85' lang='lat' dir='ltr'>accedente</span> 
     </span>
     <span class='ocr_line' id='line_1_10' title="bbox 359 1582 1499 1671; baseline 0.003 -18"><span class='ocrx_word' id='word_1_75' title='bbox 359 1597 392 1653; x_wconf 90' lang='lat' dir='ltr'>et</span> <span class='ocrx_word' id='word_1_76' title='bbox 411 1610 453 1652; x_wconf 85' lang='lat' dir='ltr'>ex</span> <span class='ocrx_word' id='word_1_77' title='bbox 476 1593 553 1651; x_wconf 75' lang='lat' dir='ltr'>aere</span> <span class='ocrx_word' id='word_1_78' title='bbox 578 1584 762 1667; x_wconf 89' lang='lat' dir='ltr'>inaquam</span> <span class='ocrx_word' id='word_1_79' title='bbox 787 1582 862 1670; x_wconf 84' lang='lat' dir='ltr'>ipso</span> <span class='ocrx_word' id='word_1_80' title='bbox 887 1583 1066 1652; x_wconf 86' lang='lat' dir='ltr'>recedente</span> <span class='ocrx_word' id='word_1_81' title='bbox 1090 1593 1124 1651; x_wconf 89' lang='lat' dir='ltr'>et</span> <span class='ocrx_word' id='word_1_82' title='bbox 1148 1586 1184 1651; x_wconf 87' lang='lat' dir='ltr'>in</span> <span class='ocrx_word' id='word_1_83' title='bbox 1210 1588 1401 1671; x_wconf 85' lang='lat' dir='ltr'>elementis,</span> <span class='ocrx_word' id='word_1_84' title='bbox 1424 1614 1499 1657; x_wconf 66' lang='lat' dir='ltr'>(rum</span> 
     </span>
     <span class='ocr_line' id='line_1_11' title="bbox 296 1708 1499 1799; baseline 0.002 -20"><span class='ocrx_word' id='word_1_85' title='bbox 296 1715 337 1779; x_wconf 87' lang='lat'>10</span> <span class='ocrx_word' id='word_1_86' title='bbox 359 1712 500 1779; x_wconf 89' lang='lat' dir='ltr'>definita</span> <span class='ocrx_word' id='word_1_87' title='bbox 519 1710 590 1775; x_wconf 89' lang='lat' dir='ltr'>sint</span> <span class='ocrx_word' id='word_1_88' title='bbox 609 1708 878 1793; x_wconf 85' lang='lat' dir='ltr'>uniuscuiusque</span> <span class='ocrx_word' id='word_1_89' title='bbox 903 1708 976 1774; x_wconf 90' lang='lat' dir='ltr'>loca</span> <span class='ocrx_word' id='word_1_90' title='bbox 1002 1733 1112 1796; x_wconf 89' lang='lat' dir='ltr'>neque</span> <span class='ocrx_word' id='word_1_91' title='bbox 1131 1712 1313 1799; x_wconf 78' lang='lat' dir='ltr'>contingat</span> <span class='ocrx_word' id='word_1_92' title='bbox 1337 1714 1499 1781; x_wconf 88' lang='lat' dir='ltr'>maiorem</span> 
     </span>
     <span class='ocr_line' id='line_1_12' title="bbox 358 1832 1501 1924; baseline 0.001 -20"><span class='ocrx_word' id='word_1_93' title='bbox 358 1835 681 1904; x_wconf 80' lang='lat' dir='ltr'>transmutationem</span> <span class='ocrx_word' id='word_1_94' title='bbox 718 1832 792 1898; x_wconf 90' lang='lat' dir='ltr'>fieri</span> <span class='ocrx_word' id='word_1_95' title='bbox 825 1833 928 1900; x_wconf 83' lang='lat' dir='ltr'>unius</span> <span class='ocrx_word' id='word_1_96' title='bbox 961 1834 995 1899; x_wconf 92' lang='lat' dir='ltr'>in</span> <span class='ocrx_word' id='word_1_97' title='bbox 1025 1835 1171 1901; x_wconf 86' lang='lat' dir='ltr'>altorum</span> <span class='ocrx_word' id='word_1_98' title='bbox 1207 1859 1308 1921; x_wconf 91' lang='lat' dir='ltr'>quam</span> <span class='ocrx_word' id='word_1_99' title='bbox 1349 1837 1501 1924; x_wconf 86' lang='lat' dir='ltr'>patiatur</span> 
     </span>
     <span class='ocr_line' id='line_1_13' title="bbox 360 1960 1500 2049; baseline 0.001 -21"><span class='ocrx_word' id='word_1_100' title='bbox 360 1962 426 2028; x_wconf 91' lang='lat' dir='ltr'>loci</span> <span class='ocrx_word' id='word_1_101' title='bbox 450 1960 641 2049; x_wconf 80' lang='lat' dir='ltr'>capacitas,</span> <span class='ocrx_word' id='word_1_102' title='bbox 666 1982 710 2024; x_wconf 91' lang='lat' dir='ltr'>ne</span> <span class='ocrx_word' id='word_1_103' title='bbox 734 1981 917 2046; x_wconf 82' lang='lat' dir='ltr'>corporum</span> <span class='ocrx_word' id='word_1_104' title='bbox 952 1960 1146 2044; x_wconf 89' lang='lat' dir='ltr'>penetratio</span> <span class='ocrx_word' id='word_1_105' title='bbox 1180 1960 1362 2047; x_wconf 85' lang='lat' dir='ltr'>contingat</span> <span class='ocrx_word' id='word_1_106' title='bbox 1390 1986 1500 2049; x_wconf 86' lang='lat' dir='ltr'>neque</span> 
     </span>
     <span class='ocr_line' id='line_1_14' title="bbox 359 2083 1496 2172; baseline -0.001 -17"><span class='ocrx_word' id='word_1_107' title='bbox 359 2092 470 2156; x_wconf 89' lang='lat' dir='ltr'>inane.</span> <span class='ocrx_word' id='word_1_108' title='bbox 502 2086 539 2151; x_wconf 92' lang='lat' dir='ltr'>Si</span> <span class='ocrx_word' id='word_1_109' title='bbox 567 2085 659 2149; x_wconf 90' lang='lat' dir='ltr'>enim</span> <span class='ocrx_word' id='word_1_110' title='bbox 688 2083 765 2170; x_wconf 87' lang='lat' dir='ltr'>quis</span> <span class='ocrx_word' id='word_1_111' title='bbox 796 2084 907 2170; x_wconf 82' lang='lat' dir='ltr'>fingat</span> <span class='ocrx_word' id='word_1_112' title='bbox 936 2084 1141 2151; x_wconf 84' lang='lat' dir='ltr'>elementum</span> <span class='ocrx_word' id='word_1_113' title='bbox 1173 2107 1282 2172; x_wconf 88' lang='lat' dir='ltr'>aquae</span> <span class='ocrx_word' id='word_1_114' title='bbox 1311 2089 1435 2153; x_wconf 92' lang='lat' dir='ltr'>mutari</span> <span class='ocrx_word' id='word_1_115' title='bbox 1462 2088 1496 2154; x_wconf 88' lang='lat' dir='ltr'>in</span> 
     </span>
     <span class='ocr_line' id='line_1_15' title="bbox 360 2208 1497 2298; baseline -0.001 -18"><span class='ocrx_word' id='word_1_116' title='bbox 360 2223 486 2297; x_wconf 68' lang='lat' dir='ltr'>aerem,</span> <span class='ocrx_word' id='word_1_117' title='bbox 519 2217 693 2298; x_wconf 79' lang='lat' dir='ltr'>oporteret</span> <span class='ocrx_word' id='word_1_118' title='bbox 720 2216 760 2275; x_wconf 85' lang='lat' dir='ltr'>ut</span> <span class='ocrx_word' id='word_1_119' title='bbox 789 2231 891 2294; x_wconf 88' lang='lat' dir='ltr'>aqua,</span> <span class='ocrx_word' id='word_1_120' title='bbox 916 2208 1032 2298; x_wconf 81' lang='lat' dir='ltr'>(quae)</span> <span class='ocrx_word' id='word_1_121' title='bbox 1064 2233 1154 2275; x_wconf 89' lang='lat' dir='ltr'>nune</span> <span class='ocrx_word' id='word_1_122' title='bbox 1184 2220 1329 2298; x_wconf 87' lang='lat' dir='ltr'>occupat</span> <span class='ocrx_word' id='word_1_123' title='bbox 1361 2220 1497 2279; x_wconf 88' lang='lat' dir='ltr'>tantum</span> 
     </span>
     <span class='ocr_line' id='line_1_16' title="bbox 295 2334 1498 2428; baseline -0.002 -21"><span class='ocrx_word' id='word_1_124' title='bbox 295 2353 336 2418; x_wconf 84' lang='lat'>15</span> <span class='ocrx_word' id='word_1_125' title='bbox 359 2339 518 2428; x_wconf 86' lang='lat' dir='ltr'>spatium,</span> <span class='ocrx_word' id='word_1_126' title='bbox 541 2343 625 2402; x_wconf 89' lang='lat' dir='ltr'>tunc</span> <span class='ocrx_word' id='word_1_127' title='bbox 644 2342 827 2421; x_wconf 87' lang='lat' dir='ltr'>oocuparet</span> <span class='ocrx_word' id='word_1_128' title='bbox 847 2334 1040 2421; x_wconf 85' lang='lat' dir='ltr'>decuplum.</span> <span class='ocrx_word' id='word_1_129' title='bbox 1062 2335 1109 2399; x_wconf 84' lang='lat' dir='ltr'>At</span> <span class='ocrx_word' id='word_1_130' title='bbox 1127 2357 1208 2400; x_wconf 86' lang='lat' dir='ltr'>vero</span> <span class='ocrx_word' id='word_1_131' title='bbox 1228 2336 1321 2401; x_wconf 85' lang='lat' dir='ltr'>loeus</span> <span class='ocrx_word' id='word_1_132' title='bbox 1342 2338 1418 2420; x_wconf 79' lang='lat' dir='ltr'>iste,</span> <span class='ocrx_word' id='word_1_133' title='bbox 1438 2340 1498 2405; x_wconf 88' lang='lat' dir='ltr'>ubi</span> 
     </span>
     <span class='ocr_line' id='line_1_17' title="bbox 358 2461 1499 2553; baseline -0.001 -21"><span class='ocrx_word' id='word_1_134' title='bbox 358 2476 422 2551; x_wconf 89' lang='lat' dir='ltr'>est,</span> <span class='ocrx_word' id='word_1_135' title='bbox 446 2486 560 2530; x_wconf 90' lang='lat' dir='ltr'>nonne</span> <span class='ocrx_word' id='word_1_136' title='bbox 584 2469 759 2549; x_wconf 84' lang='lat' dir='ltr'>oporteret</span> <span class='ocrx_word' id='word_1_137' title='bbox 787 2469 901 2527; x_wconf 68' lang='lat' dir='ltr'>aerem</span> <span class='ocrx_word' id='word_1_138' title='bbox 925 2461 1120 2548; x_wconf 76' lang='lat' dir='ltr'>penetrari?</span> <span class='ocrx_word' id='word_1_139' title='bbox 1146 2462 1244 2540; x_wconf 82' lang='lat' dir='ltr'>Quod</span> <span class='ocrx_word' id='word_1_140' title='bbox 1269 2473 1320 2528; x_wconf 82' lang='lat' dir='ltr'>eat</span> <span class='ocrx_word' id='word_1_141' title='bbox 1346 2464 1499 2553; x_wconf 81' lang='lat' dir='ltr'>impossi-</span> 
     </span>
     <span class='ocr_line' id='line_1_18' title="bbox 358 2588 1498 2674; baseline -0.004 -12"><span class='ocrx_word' id='word_1_142' title='bbox 358 2595 435 2664; x_wconf 87' lang='lat' dir='ltr'>bile.</span> <span class='ocrx_word' id='word_1_143' title='bbox 464 2592 593 2658; x_wconf 80' lang='lat' dir='ltr'>Eadem</span> <span class='ocrx_word' id='word_1_144' title='bbox 630 2590 720 2654; x_wconf 85' lang='lat' dir='ltr'>ratio</span> <span class='ocrx_word' id='word_1_145' title='bbox 750 2596 815 2671; x_wconf 88' lang='lat' dir='ltr'>est,</span> <span class='ocrx_word' id='word_1_146' title='bbox 846 2588 876 2652; x_wconf 87' lang='lat' dir='ltr'>si</span> <span class='ocrx_word' id='word_1_147' title='bbox 905 2597 964 2653; x_wconf 69' lang='lat' dir='ltr'>aer</span> <span class='ocrx_word' id='word_1_148' title='bbox 993 2595 1146 2654; x_wconf 87' lang='lat' dir='ltr'>mutetur</span> <span class='ocrx_word' id='word_1_149' title='bbox 1177 2589 1212 2654; x_wconf 89' lang='lat' dir='ltr'>iu</span> <span class='ocrx_word' id='word_1_150' title='bbox 1244 2590 1374 2674; x_wconf 79' lang='lat' dir='ltr'>ignem,</span> <span class='ocrx_word' id='word_1_151' title='bbox 1398 2600 1498 2657; x_wconf 90' lang='lat' dir='ltr'>tanto</span> 
     </span>
     <span class='ocr_line' id='line_1_19' title="bbox 358 2713 1495 2800; baseline -0.004 -13"><span class='ocrx_word' id='word_1_152' title='bbox 358 2721 519 2787; x_wconf 89' lang='lat' dir='ltr'>maiorem</span> <span class='ocrx_word' id='word_1_153' title='bbox 542 2724 732 2784; x_wconf 86' lang='lat' dir='ltr'>assumeret</span> <span class='ocrx_word' id='word_1_154' title='bbox 755 2713 1030 2800; x_wconf 83' lang='lat' dir='ltr'>magnitudinem</span> <span class='ocrx_word' id='word_1_155' title='bbox 1052 2721 1125 2796; x_wconf 82' lang='lat' dir='ltr'>eto,</span> <span class='ocrx_word' id='word_1_156' title='bbox 1145 2724 1180 2778; x_wconf 87' lang='lat' dir='ltr'>et</span> <span class='ocrx_word' id='word_1_157' title='bbox 1203 2715 1252 2779; x_wconf 89' lang='lat' dir='ltr'>ita</span> <span class='ocrx_word' id='word_1_158' title='bbox 1278 2716 1408 2782; x_wconf 84' lang='lat' dir='ltr'>eaelum</span> <span class='ocrx_word' id='word_1_159' title='bbox 1429 2741 1495 2783; x_wconf 89' lang='lat' dir='ltr'>non</span> 
     </span>
     <span class='ocr_line' id='line_1_20' title="bbox 358 2839 1499 2933; baseline -0.005 -19"><span class='ocrx_word' id='word_1_160' title='bbox 358 2856 444 2914; x_wconf 80' lang='lat' dir='ltr'>esset</span> <span class='ocrx_word' id='word_1_161' title='bbox 463 2866 570 2933; x_wconf 87' lang='lat' dir='ltr'>capax</span> <span class='ocrx_word' id='word_1_162' title='bbox 589 2843 848 2907; x_wconf 87' lang='lat' dir='ltr'>elementorum.</span> <span class='ocrx_word' id='word_1_163' title='bbox 874 2839 903 2903; x_wconf 80' lang='grc' dir='ltr'>Ε</span> <span class='ocrx_word' id='word_1_164' title='bbox 927 2848 1046 2905; x_wconf 61' lang='lat' dir='ltr'>(econtra</span> <span class='ocrx_word' id='word_1_165' title='bbox 1069 2861 1151 2904; x_wconf 87' lang='lat' dir='ltr'>vero</span> <span class='ocrx_word' id='word_1_166' title='bbox 1171 2841 1199 2904; x_wconf 89' lang='lat' dir='ltr'>si</span> <span class='ocrx_word' id='word_1_167' title='bbox 1224 2841 1316 2927; x_wconf 78' lang='lat' dir='ltr'>ignis</span> <span class='ocrx_word' id='word_1_168' title='bbox 1341 2842 1499 2930; x_wconf 85' lang='lat' dir='ltr'>inspisse-</span> 
     </span>
    </p>
   </div>
   <div class='ocr_carea' id='block_1_3' title="bbox 293 2966 1497 3052">
    <p class='ocr_par' dir='ltr' id='par_1_3' title="bbox 293 2966 1497 3052">
     <span class='ocr_line' id='line_1_21' title="bbox 293 2966 1497 3052; baseline -0.007 -9"><span class='ocrx_word' id='word_1_169' title='bbox 293 2981 336 3044; x_wconf 78' lang='lat'>‘20</span> <span class='ocrx_word' id='word_1_170' title='bbox 357 2983 413 3041; x_wconf 86' lang='lat' dir='ltr'>tur</span> <span class='ocrx_word' id='word_1_171' title='bbox 432 2972 468 3038; x_wconf 91' lang='lat' dir='ltr'>in</span> <span class='ocrx_word' id='word_1_172' title='bbox 487 2979 612 3052; x_wconf 72' lang='lat' dir='ltr'>aerem,</span> <span class='ocrx_word' id='word_1_173' title='bbox 631 2968 799 3033; x_wconf 88' lang='lat' dir='ltr'>minorem</span> <span class='ocrx_word' id='word_1_174' title='bbox 819 2966 932 3030; x_wconf 86' lang='lat' dir='ltr'>locum</span> <span class='ocrx_word' id='word_1_175' title='bbox 953 2975 1150 3052; x_wconf 80' lang='lat' dir='ltr'>oocuparet,</span> <span class='ocrx_word' id='word_1_176' title='bbox 1171 2976 1206 3031; x_wconf 89' lang='lat' dir='ltr'>et</span> <span class='ocrx_word' id='word_1_177' title='bbox 1232 2991 1376 3034; x_wconf 87' lang='lat' dir='ltr'>vacuum</span> <span class='ocrx_word' id='word_1_178' title='bbox 1398 2971 1497 3034; x_wconf 88' lang='lat' dir='ltr'>reliu-</span> 
     </span>
    </p>
   </div>
   <div class='ocr_carea' id='block_1_4' title="bbox 358 3091 1498 3186">
    <p class='ocr_par' dir='ltr' id='par_1_4' title="bbox 358 3091 1498 3186">
     <span class='ocr_line' id='line_1_22' title="bbox 358 3091 1498 3186; baseline -0.008 -20"><span class='ocrx_word' id='word_1_179' title='bbox 358 3108 526 3186; x_wconf 87' lang='lat' dir='ltr'>qoeretnr.</span> <span class='ocrx_word' id='word_1_180' title='bbox 552 3096 666 3174; x_wconf 83' lang='lat' dir='ltr'>Quare</span> <span class='ocrx_word' id='word_1_181' title='bbox 687 3101 824 3180; x_wconf 90' lang='lat' dir='ltr'>oportet</span> <span class='ocrx_word' id='word_1_182' title='bbox 855 3091 1057 3157; x_wconf 78' lang='lat' dir='ltr'>concludere</span> <span class='ocrx_word' id='word_1_183' title='bbox 1088 3094 1412 3159; x_wconf 81' lang='lat' dir='ltr'>transmutatiomm</span> <span class='ocrx_word' id='word_1_184' title='bbox 1434 3097 1498 3159; x_wconf 82' lang='lat' dir='ltr'>elc-</span> 
     </span>
    </p>
   </div>
   <div class='ocr_carea' id='block_1_5' title="bbox 294 3218 1498 3932">
    <p class='ocr_par' dir='ltr' id='par_1_5' title="bbox 294 3218 1498 3932">
     <span class='ocr_line' id='line_1_23' title="bbox 358 3218 1498 3308; baseline -0.008 -15"><span class='ocrx_word' id='word_1_185' title='bbox 358 3236 550 3293; x_wconf 84' lang='lat' dir='ltr'>mentorum</span> <span class='ocrx_word' id='word_1_186' title='bbox 569 3244 642 3287; x_wconf 88' lang='lat' dir='ltr'>esse</span> <span class='ocrx_word' id='word_1_187' title='bbox 658 3219 847 3285; x_wconf 87' lang='lat' dir='ltr'>seeundum</span> <span class='ocrx_word' id='word_1_188' title='bbox 864 3228 975 3283; x_wconf 80' lang='lat' dir='ltr'>certos</span> <span class='ocrx_word' id='word_1_189' title='bbox 992 3232 1027 3281; x_wconf 80' lang='lat' dir='ltr'>et</span> <span class='ocrx_word' id='word_1_190' title='bbox 1042 3218 1203 3284; x_wconf 79' lang='lat' dir='ltr'>delinitos</span> <span class='ocrx_word' id='word_1_191' title='bbox 1219 3221 1359 3301; x_wconf 69' lang='lat' dir='ltr'>gradus,</span> <span class='ocrx_word' id='word_1_192' title='bbox 1378 3229 1498 3308; x_wconf 82' lang='lat' dir='ltr'>utpote</span> 
     </span>
     <span class='ocr_line' id='line_1_24' title="bbox 357 3344 1494 3433; baseline -0.006 -13"><span class='ocrx_word' id='word_1_193' title='bbox 357 3361 490 3420; x_wconf 86' lang='lat' dir='ltr'>tantum</span> <span class='ocrx_word' id='word_1_194' title='bbox 509 3349 598 3416; x_wconf 90' lang='lat' dir='ltr'>a&#39;e&#39;ris</span> <span class='ocrx_word' id='word_1_195' title='bbox 621 3370 663 3413; x_wconf 87' lang='lat' dir='ltr'>ex</span> <span class='ocrx_word' id='word_1_196' title='bbox 687 3370 756 3411; x_wconf 89' lang='lat' dir='ltr'>una</span> <span class='ocrx_word' id='word_1_197' title='bbox 776 3355 874 3433; x_wconf 85' lang='lat' dir='ltr'>parte</span> <span class='ocrx_word' id='word_1_198' title='bbox 898 3344 1103 3431; x_wconf 83' lang='lat' dir='ltr'>inspissetur</span> <span class='ocrx_word' id='word_1_199' title='bbox 1124 3346 1159 3409; x_wconf 88' lang='lat' dir='ltr'>in</span> <span class='ocrx_word' id='word_1_200' title='bbox 1184 3370 1306 3430; x_wconf 68' lang='lat' dir='ltr'>aptatu</span> <span class='ocrx_word' id='word_1_201' title='bbox 1332 3346 1422 3411; x_wconf 88' lang='lat' dir='ltr'>unde.</span> <span class='ocrx_word' id='word_1_202' title='bbox 1446 3350 1494 3413; x_wconf 76' lang='lat' dir='ltr'>sol</span> 
     </span>
     <span class='ocr_line' id='line_1_25' title="bbox 357 3470 1495 3562; baseline -0.006 -17"><span class='ocrx_word' id='word_1_203' title='bbox 357 3476 495 3561; x_wconf 81' lang='lat' dir='ltr'>recedit,</span> <span class='ocrx_word' id='word_1_204' title='bbox 513 3483 681 3562; x_wconf 63' lang='lat' dir='ltr'>«locutum</span> <span class='ocrx_word' id='word_1_205' title='bbox 701 3494 810 3559; x_wconf 90' lang='lat' dir='ltr'>aquae</span> <span class='ocrx_word' id='word_1_206' title='bbox 835 3470 974 3535; x_wconf 81' lang='lat' dir='ltr'>rarefiat</span> <span class='ocrx_word' id='word_1_207' title='bbox 995 3470 1028 3535; x_wconf 88' lang='lat' dir='ltr'>iu</span> <span class='ocrx_word' id='word_1_208' title='bbox 1050 3480 1163 3536; x_wconf 63' lang='lat' dir='ltr'>aerem</span> <span class='ocrx_word' id='word_1_209' title='bbox 1182 3472 1215 3536; x_wconf 90' lang='lat' dir='ltr'>in</span> <span class='ocrx_word' id='word_1_210' title='bbox 1236 3474 1307 3537; x_wconf 77' lang='lat' dir='ltr'>loeo</span> <span class='ocrx_word' id='word_1_211' title='bbox 1332 3472 1375 3537; x_wconf 91' lang='lat' dir='ltr'>ad</span> <span class='ocrx_word' id='word_1_212' title='bbox 1396 3498 1495 3558; x_wconf 52' lang='lat' dir='ltr'>‘prem</span> 
     </span>
     <span class='ocr_line' id='line_1_26' title="bbox 294 3595 1496 3687; baseline -0.008 -14"><span class='ocrx_word' id='word_1_213' title='bbox 294 3614 337 3678; x_wconf 74' lang='lat'>‘25</span> <span class='ocrx_word' id='word_1_214' title='bbox 359 3606 405 3673; x_wconf 87' lang='lat' dir='ltr'>sol</span> <span class='ocrx_word' id='word_1_215' title='bbox 427 3603 574 3675; x_wconf 87' lang='lat' dir='ltr'>accedit;</span> <span class='ocrx_word' id='word_1_216' title='bbox 599 3609 702 3687; x_wconf 66' lang='lat' dir='ltr'>atique</span> <span class='ocrx_word' id='word_1_217' title='bbox 723 3599 773 3663; x_wconf 89' lang='lat' dir='ltr'>ita</span> <span class='ocrx_word' id='word_1_218' title='bbox 804 3598 840 3661; x_wconf 88' lang='lat' dir='ltr'>in</span> <span class='ocrx_word' id='word_1_219' title='bbox 867 3595 944 3661; x_wconf 88' lang='lat' dir='ltr'>aliis</span> <span class='ocrx_word' id='word_1_220' title='bbox 975 3597 1152 3661; x_wconf 81' lang='lat' dir='ltr'>eleruentis</span> <span class='ocrx_word' id='word_1_221' title='bbox 1183 3598 1329 3662; x_wconf 78' lang='lat' dir='ltr'>circulus</span> <span class='ocrx_word' id='word_1_222' title='bbox 1358 3599 1496 3682; x_wconf 78' lang='lat' dir='ltr'>quulam</span> 
     </span>
     <span class='ocr_line' id='line_1_27' title="bbox 358 3723 1496 3816; baseline -0.007 -19"><span class='ocrx_word' id='word_1_223' title='bbox 358 3732 429 3811; x_wconf 84' lang='lat' dir='ltr'>fiat,</span> <span class='ocrx_word' id='word_1_224' title='bbox 446 3752 512 3816; x_wconf 71' lang='lat'>(1110</span> <span class='ocrx_word' id='word_1_225' title='bbox 529 3727 720 3794; x_wconf 83' lang='lat' dir='ltr'>necessario</span> <span class='ocrx_word' id='word_1_226' title='bbox 743 3723 934 3809; x_wconf 84' lang='lat' dir='ltr'>aequalitas</span> <span class='ocrx_word' id='word_1_227' title='bbox 950 3723 1102 3788; x_wconf 79' lang='lat' dir='ltr'>locorum</span> <span class='ocrx_word' id='word_1_228' title='bbox 1119 3735 1152 3787; x_wconf 83' lang='lat' dir='ltr'>et</span> <span class='ocrx_word' id='word_1_229' title='bbox 1170 3746 1349 3810; x_wconf 74' lang='lat' dir='ltr'>corporum</span> <span class='ocrx_word' id='word_1_230' title='bbox 1368 3726 1496 3811; x_wconf 72' lang='lat' dir='ltr'>absque</span> 
     </span>
     <span class='ocr_line' id='line_1_28' title="bbox 359 3850 1495 3932; baseline -0.008 -8"><span class='ocrx_word' id='word_1_231' title='bbox 359 3858 557 3924; x_wconf 84' lang='lat' dir='ltr'>difficultate</span> <span class='ocrx_word' id='word_1_232' title='bbox 591 3854 652 3919; x_wconf 89' lang='lat' dir='ltr'>fiat</span> <span class='ocrx_word' id='word_1_233' title='bbox 685 3864 719 3916; x_wconf 84' lang='lat' dir='ltr'>et</span> <span class='ocrx_word' id='word_1_234' title='bbox 758 3851 987 3932; x_wconf 83' lang='lat' dir='ltr'>intelligatur.</span> <span class='ocrx_word' id='word_1_235' title='bbox 1028 3850 1139 3927; x_wconf 17' lang='lat' dir='ltr'>Quaere</span> <span class='ocrx_word' id='word_1_236' title='bbox 1177 3853 1405 3916; x_wconf 74' lang='lat' dir='ltr'>necessarium</span> <span class='ocrx_word' id='word_1_237' title='bbox 1446 3862 1495 3916; x_wconf 84' lang='lat' dir='ltr'>est</span> 
     </span>
    </p>
   </div>
   <div class='ocr_carea' id='block_1_6' title="bbox 360 3977 1496 4070">
    <p class='ocr_par' dir='ltr' id='par_1_6' title="bbox 360 3977 1496 4070">
     <span class='ocr_line' id='line_1_29' title="bbox 360 3977 1496 4070; baseline -0.01 -20"><span class='ocrx_word' id='word_1_238' title='bbox 360 3982 609 4070; x_wconf 87' lang='lat' dir='ltr'>quantumlibet</span> <span class='ocrx_word' id='word_1_239' title='bbox 648 3980 786 4045; x_wconf 84' lang='lat' dir='ltr'>infinito</span> <span class='ocrx_word' id='word_1_240' title='bbox 821 3986 975 4064; x_wconf 85' lang='lat' dir='ltr'>tempore</span> <span class='ocrx_word' id='word_1_241' title='bbox 1013 3977 1248 4062; x_wconf 78' lang='lat' dir='ltr'>generationis</span> <span class='ocrx_word' id='word_1_242' title='bbox 1287 3979 1496 4042; x_wconf 76' lang='lat' dir='ltr'>eontirmitas</span> 
     </span>
    </p>
   </div>
   <div class='ocr_carea' id='block_1_7' title="bbox 357 4234 1499 4630">
    <p class='ocr_par' dir='ltr' id='par_1_7' title="bbox 357 4234 1499 4552">
     <span class='ocr_line' id='line_1_30' title="bbox 446 4234 1499 4309; baseline -0.01 -15"><span class='ocrx_word' id='word_1_243' title='bbox 446 4247 462 4295; x_wconf 79' lang='grc'>8</span> <span class='ocrx_word' id='word_1_244' title='bbox 477 4245 546 4309; x_wconf 85' lang='lat' dir='ltr'>dopo</span> <span class='ocrx_word' id='word_1_245' title='bbox 560 4258 594 4292; x_wconf 82' lang='lat' dir='ltr'>ex</span> <span class='ocrx_word' id='word_1_246' title='bbox 606 4257 681 4307; x_wconf 83' lang='lat' dir='ltr'>aqua</span> <span class='ocrx_word' id='word_1_247' title='bbox 695 4242 724 4289; x_wconf 88' lang='lat' dir='ltr'>iu</span> <span class='ocrx_word' id='word_1_248' title='bbox 739 4243 833 4289; x_wconf 74' lang='lat' dir='ltr'>adrem</span> <span class='ocrx_word' id='word_1_249' title='bbox 847 4236 965 4287; x_wconf 64' lang='lat' dir='ltr'>caracalla</span> <span class='ocrx_word' id='word_1_250' title='bbox 980 4246 1008 4287; x_wconf 80' lang='lat' dir='ltr'>et</span> <span class='ocrx_word' id='word_1_251' title='bbox 1021 4240 1085 4286; x_wconf 63' lang='lat' dir='ltr'>atre</span> <span class='ocrx_word' id='word_1_252' title='bbox 1096 4251 1124 4285; x_wconf 82' lang='lat' dir='ltr'>rn</span> <span class='ocrx_word' id='word_1_253' title='bbox 1135 4251 1236 4301; x_wconf 85' lang='lat' dir='ltr'>aquam</span> <span class='ocrx_word' id='word_1_254' title='bbox 1248 4234 1271 4283; x_wconf 74' lang='lat' dir='ltr'>ll</span> <span class='ocrx_word' id='word_1_255' title='bbox 1332 4236 1349 4284; x_wconf 84' lang='lat'><strong>9</strong></span> <span class='ocrx_word' id='word_1_256' title='bbox 1361 4242 1389 4282; x_wconf 84' lang='lat' dir='ltr'>et</span> <span class='ocrx_word' id='word_1_257' title='bbox 1403 4236 1431 4282; x_wconf 87' lang='lat' dir='ltr'>in</span> <span class='ocrx_word' id='word_1_258' title='bbox 1444 4235 1499 4283; x_wconf 86' lang='lat' dir='ltr'>olc-</span> 
     </span>
     <span class='ocr_line' id='line_1_31' title="bbox 357 4315 1497 4389; baseline -0.016 -9"><span class='ocrx_word' id='word_1_259' title='bbox 357 4328 467 4386; x_wconf 78' lang='lat' dir='ltr'>mentis]</span> <span class='ocrx_word' id='word_1_260' title='bbox 475 4326 552 4389; x_wconf 72' lang='lat' dir='ltr'>sorae</span> <span class='ocrx_word' id='word_1_261' title='bbox 565 4330 594 4373; x_wconf 85' lang='lat' dir='ltr'>et</span> <span class='ocrx_word' id='word_1_262' title='bbox 606 4323 672 4379; x_wconf 76' lang='lat' dir='ltr'>(ita)</span> <span class='ocrx_word' id='word_1_263' title='bbox 694 4323 724 4371; x_wconf 89' lang='lat' dir='ltr'>in</span> <span class='ocrx_word' id='word_1_264' title='bbox 742 4320 833 4376; x_wconf 79' lang='lat' dir='ltr'>(aliis)</span> <span class='ocrx_word' id='word_1_265' title='bbox 855 4317 1026 4369; x_wconf 71' lang='lat' dir='ltr'>clementis?</span> <span class='ocrx_word' id='word_1_266' title='bbox 1042 4319 1077 4381; x_wconf 79' lang='lat' dir='ltr'>rs.</span> <span class='ocrx_word' id='word_1_267' title='bbox 1099 4335 1120 4366; x_wconf 78' lang='lat' dir='ltr'>e.</span> <span class='ocrx_word' id='word_1_268' title='bbox 1138 4318 1172 4364; x_wconf 73' lang='lat'>25</span> <span class='ocrx_word' id='word_1_269' title='bbox 1236 4318 1265 4366; x_wconf 73' lang='grc'>14</span> <span class='ocrx_word' id='word_1_270' title='bbox 1282 4331 1354 4379; x_wconf 85' lang='lat' dir='ltr'>quae</span> <span class='ocrx_word' id='word_1_271' title='bbox 1367 4315 1497 4379; x_wconf 67' lang='lat' dir='ltr'>oppiarqfe</span> 
     </span>
     <span class='ocr_line' id='line_1_32' title="bbox 358 4395 1493 4462; baseline -0.014 -3"><span class='ocrx_word' id='word_1_272' title='bbox 358 4410 449 4462; x_wconf 70' lang='lat' dir='ltr'>stolata</span> <span class='ocrx_word' id='word_1_273' title='bbox 512 4408 542 4456; x_wconf 89' lang='grc'>16</span> <span class='ocrx_word' id='word_1_274' title='bbox 558 4405 575 4454; x_wconf 78' lang='grc' dir='ltr'>Ι.</span> <span class='ocrx_word' id='word_1_275' title='bbox 590 4407 655 4453; x_wconf 72' lang='lat' dir='ltr'>a&#39;ere</span> <span class='ocrx_word' id='word_1_276' title='bbox 718 4403 750 4452; x_wconf 73' lang='lat'>20</span> <span class='ocrx_word' id='word_1_277' title='bbox 767 4418 815 4451; x_wconf 71' lang='lat' dir='ltr'>cem</span> <span class='ocrx_word' id='word_1_278' title='bbox 832 4400 970 4450; x_wconf 85' lang='lat' dir='ltr'>minorem</span> <span class='ocrx_word' id='word_1_279' title='bbox 985 4400 1079 4449; x_wconf 87' lang='lat' dir='ltr'>locum</span> <span class='ocrx_word' id='word_1_280' title='bbox 1094 4395 1281 4461; x_wconf 70' lang='lat' dir='ltr'>occu-finiere</span> <span class='ocrx_word' id='word_1_281' title='bbox 1296 4396 1348 4459; x_wconf 74' lang='lat' dir='ltr'>uf.</span> <span class='ocrx_word' id='word_1_282' title='bbox 1360 4398 1406 4441; x_wconf 59' lang='grc' dir='ltr'>Μ’</span> <span class='ocrx_word' id='word_1_283' title='bbox 1423 4396 1452 4444; x_wconf 77' lang='lat' dir='ltr'>di</span> <span class='ocrx_word' id='word_1_284' title='bbox 1463 4395 1493 4455; x_wconf 76' lang='lat' dir='ltr'>Il,</span> 
     </span>
     <span class='ocr_line' id='line_1_33' title="bbox 358 4482 910 4552; baseline -0.022 -12"><span class='ocrx_word' id='word_1_285' title='bbox 358 4491 402 4540; x_wconf 79' lang='lat' dir='ltr'>cte</span> <span class='ocrx_word' id='word_1_286' title='bbox 412 4507 465 4541; x_wconf 76' lang='lat' dir='ltr'>non</span> <span class='ocrx_word' id='word_1_287' title='bbox 476 4486 604 4552; x_wconf 70' lang='lat' dir='ltr'>riprende</span> <span class='ocrx_word' id='word_1_288' title='bbox 616 4500 642 4533; x_wconf 82' lang='lat' dir='ltr'>se</span> <span class='ocrx_word' id='word_1_289' title='bbox 654 4502 709 4534; x_wconf 79' lang='lat' dir='ltr'>non</span> <span class='ocrx_word' id='word_1_290' title='bbox 723 4501 741 4533; x_wconf 82' lang='grc' dir='ltr'><em>α</em></span> <span class='ocrx_word' id='word_1_291' title='bbox 752 4500 782 4548; x_wconf 80' lang='lat' dir='ltr'>p.</span> <span class='ocrx_word' id='word_1_292' title='bbox 796 4483 858 4541; x_wconf 70' lang='lat'>37¹5,</span> <span class='ocrx_word' id='word_1_293' title='bbox 880 4482 910 4530; x_wconf 85' lang='lat'>12</span> 
     </span>
    </p>

    <p class='ocr_par' dir='ltr' id='par_1_8' title="bbox 485 4574 1336 4630">
     <span class='ocr_line' id='line_1_34' title="bbox 485 4574 1336 4630; baseline -0.011 -9"><span class='ocrx_word' id='word_1_294' title='bbox 485 4584 561 4623; x_wconf 71' lang='lat' dir='ltr'>Brun</span> <span class='ocrx_word' id='word_1_295' title='bbox 574 4583 629 4630; x_wconf 77' lang='lat' dir='ltr'>Opp.</span> <span class='ocrx_word' id='word_1_296' title='bbox 644 4583 685 4619; x_wconf 70' lang='lat' dir='ltr'>brt.</span> <span class='ocrx_word' id='word_1_297' title='bbox 698 4580 739 4617; x_wconf 84' lang='lat'>111.</span> <span class='ocrx_word' id='word_1_298' title='bbox 1311 4574 1336 4612; x_wconf 72' lang='lat'>⁴7</span> 
     </span>
    </p>
   </div>
   <div class='ocr_carea' id='block_1_8' title="bbox 0 0 1748 5108">
    <p class='ocr_par' dir='ltr' id='par_1_9' title="bbox 0 0 1748 5108">
     <span class='ocr_line' id='line_1_35' title="bbox 0 0 1748 5108; baseline 0 0"><span class='ocrx_word' id='word_1_299' title='bbox 0 0 1748 5108; x_wconf 95' lang='lat' dir='ltr'> </span> 
     </span>
    </p>
   </div>
  </div>
 </body>
</html>
