3488 5108
538 429 629 473 LIBRI
648 430 861 474 Pmoonvn
882 430 1094 475 sumemus
1114 430 1313 477 susannam.
1435 415 1496 474 283

652 690 717 734 Quod
733 701 786 730 vore
800 702 840 730 ona
856 703 901 731 non
917 694 987 742 poan
1001 704 1050 732 osae
1065 693 1203 733 substantia.
1525 671 1610 735 10v
1620 672 1656 735 ο

447 908 491 943 ax.
514 904 547 942 aa.
571 883 716 950 Constat
739 908 821 972 ergo
840 909 920 952 vere
944 911 1003 952 ens
1023 889 1180 955 accidens
1203 911 1274 955 non
1293 890 1499 976 significare.

358 1009 457 1087 Quod
476 1031 546 1075 non
577 1008 751 1095 signifieat
779 1011 879 1077 modo
909 1013 1153 1096 substantiam,
1173 1013 1254 1080 inde
1272 1014 1496 1081 manifestum

359 1145 424 1222 est,
445 1137 537 1223 quod
556 1160 667 1222 neque
698 1138 974 1224 magnitudinem
993 1139 1134 1206 habebit
1153 1141 1259 1207 ullam
1283 1163 1395 1226 neque
1414 1140 1500 1207 mul-

313 1257 334 1321 5
358 1261 561 1344 titudinem
581 1284 651 1329 non
664 1261 803 1348 quidem
818 1264 1094 1350 magnitudinem
1112 1266 1343 1350 quantitatem
1359 1264 1496 1331 finitam

359 1388 414 1454 vel
437 1387 624 1471 infinitam,
650 1410 721 1454 non
747 1388 1007 1456 multitudinem
1039 1412 1107 1476 qua
1131 1413 1304 1479 unapars
1333 1390 1403 1456 alia
1423 1391 1428 1479 Ι
1448 1397 1501 1455 est
1527 1388 1663 1453 18vB

360 1514 403 1579 ab
424 1513 493 1578 alia
516 1520 577 1579 aut
601 1512 723 1579 saltem
747 1514 903 1580 alterum.
923 1515 969 1580 Et
995 1539 1072 1581 oum
1101 1515 1215 1604 ipsum
1239 1516 1415 1603 integrum
1434 1537 1505 1581 non

359 1640 405 1706 sit
424 1639 612 1722 divisibile,
632 1663 703 1706 non
721 1640 934 1708 divideretur
953 1643 990 1708 in
1009 1642 1096 1709 illud
1116 1643 1208 1728 quod
1227 1665 1306 1709 vere
1326 1650 1391 1724 est;
1411 1641 1504 1727 qnod

359 1768 389 1833 si
408 1767 577 1834 dividitur
596 1767 634 1832 in
653 1767 740 1833 illud
759 1767 851 1853 quod
869 1792 949 1835 vere
965 1776 1030 1854 est,
1050 1768 1215 1835 nimirum
1231 1769 1322 1834 inter
1338 1774 1451 1835 totum
1470 1774 1505 1833 et

298 1900 339 1963 10
362 1907 510 1986 partem,
542 1898 626 1963 item
655 1897 747 1963 inter
774 1906 909 1985 partem
937 1905 972 1963 et
1000 1906 1137 1986 partem
1171 1897 1403 1963 differentiam
1432 1918 1505 1962 esse

361 2032 507 2113 oportet,
528 2030 562 2088 et
583 2024 684 2090 unius
716 2024 888 2090 rationem
911 2048 983 2090 esse
1014 2025 1118 2090 aliam
1149 2047 1170 2089 a
1188 2025 1322 2090 ratione
1350 2023 1502 2089 alterius.

360 2149 528 2214 Similiter
547 2148 576 2214 si
596 2147 688 2233 quod
699 2170 780 2214 vere
796 2157 860 2234 est,
881 2158 934 2216 ast
952 2150 1086 2216 ratione
1106 2172 1213 2215 unum
1226 2172 1285 2215 seu
1302 2147 1504 2215 definitione

359 2298 481 2357 unum,
506 2281 545 2339 ut
569 2273 670 2340 homo
694 2275 724 2338 si
749 2281 801 2340 est
824 2297 904 2341 vere
934 2298 994 2340 ens
1015 2298 1073 2341 seu
1104 2298 1226 2359 unum,
1247 2273 1334 2340 illud
1364 2295 1502 2338 neeesse

361 2407 413 2465 est
432 2406 466 2465 et
486 2398 614 2465 animal
634 2421 714 2464 vere
732 2422 804 2465 osse
824 2423 883 2466 ens
902 2409 937 2466 et
956 2400 1054 2487 bipes
1078 2423 1150 2466 esse
1169 2423 1250 2466 vere
1269 2388 1341 2480 ens,
1364 2396 1455 2482 quod
1476 2396 1505 2462 si

296 2530 337 2594 15
361 2526 490 2592 animal
507 2535 541 2591 et
560 2526 657 2613 bipes
688 2550 768 2593 vere
787 2551 847 2593 ens
876 2551 947 2594 non
967 2528 1050 2610 sint,
1077 2550 1201 2616 nempe
1225 2525 1435 2609 substantia,
1455 2525 1506 2591 ni·

361 2652 487 2718 mirum
507 2652 699 2718 accidentia
718 2661 832 2735 erunt,
853 2653 944 2737 quod
974 2654 1003 2719 si
1022 2654 1086 2738 ita,
1106 2661 1167 2719 aut
1190 2652 1349 2719 accident
1371 2650 1506 2716 homini

360 2787 420 2844 aut
440 2778 501 2843 alii
520 2777 624 2842 alioui
643 2778 806 2844 subiecto.
828 2778 937 2863 Atqui
957 2779 1170 2865 impossibile
1185 2785 1237 2843 est
1256 2776 1414 2843 accidens
1434 2775 1504 2842 ullo

360 2911 474 2991 paeto,
496 2902 776 2988 quandoquidem
793 2911 853 2969 aut
872 2911 961 2969 esset
979 2903 1118 2992 propria
1137 2902 1251 2990 passio
1272 2908 1333 2967 aut
1356 2922 1503 2966 eommu-

361 3029 415 3094 nis
434 3027 567 3115 passio:
598 3028 627 3093 si
651 3029 792 3115 propria
811 3029 925 3116 passio
944 3037 1046 3107 esset,
1071 3035 1155 3094 tuno
1173 3033 1349 3114 oporteret
1373 3023 1505 3090 subiec-

295 3155 340 3218 20
363 3163 437 3221 tum
467 3156 550 3242 poni
580 3156 617 3220 in
645 3154 847 3221 definitione
867 3155 989 3242 ipsius,
1019 3155 1108 3220 siout
1127 3154 1164 3219 in
1188 3153 1391 3221 definitione
1424 3151 1503 3218 simi

361 3305 477 3365 nasus,
496 3282 591 3347 balbi
614 3282 747 3368 lingua,
769 3281 882 3346 claudi
901 3281 1001 3364 tibia;
1022 3288 1082 3346 aut
1102 3280 1166 3345 erit
1190 3278 1382 3346 eommunis
1402 3300 1504 3364 quae-

361 3406 440 3472 dam
474 3407 601 3493 passi0,
634 3429 721 3492 quae
753 3430 823 3473 non
858 3407 998 3494 ponitur
1031 3407 1068 3471 in
1102 3404 1303 3471 definitione
1337 3403 1502 3471 subiecti:

360 3533 493 3599 utrovis
522 3533 622 3599 modo
642 3533 701 3616 sit,
724 3533 864 3598 omnino
884 3531 1114 3599 necessarium
1133 3532 1200 3597 erit
1229 3539 1395 3618 perpetuo
1417 3527 1504 3595 illud

361 3661 453 3746 quod
477 3659 602 3726 accidit
622 3666 656 3724 et
680 3658 767 3724 illud
786 3659 840 3724 oni
871 3659 998 3723 accidit
1016 3664 1091 3725 tum
1114 3658 1249 3724 ratione
1277 3667 1353 3725 tum
1375 3678 1412 3721 re
1432 3678 1505 3722 esse

295 3787 338 3849 ‘25
362 3787 509 3852 diversa.

451 4038 484 4076 2⁰.
506 4019 709 4084 Aouidentia
728 4027 905 4106 praeterea
917 4019 1070 4105 propria,
1084 4019 1121 4083 in
1139 4041 1285 4104 quorum
1298 4018 1501 4084 definitione

362 4145 554 4212 subiectum
573 4147 728 4234 ponitur,
755 4168 824 4213 non
854 4153 999 4233 possunt
1023 4147 1155 4213 absolvi
1185 4147 1373 4215 secundum
1401 4147 1505 4214 ratio·

364 4321 608 4329 ——.--.—-——-
614 4323 636 4328 -.
648 4321 884 4329 .—----.-—-—-
895 4321 925 4327 —

454 4412 684 4477 2signifioariE
745 4412 1011 4476 equantitatnmll
1071 4410 1329 4477 bquaB:qniaO
1391 4409 1506 4460 aedefi-

364 4494 475 4544 nitione
489 4494 580 4559 ipsius
593 4494 635 4544 B:
651 4493 713 4543 eius
728 4491 896 4543 definitione
912 4493 934 4543 U
1322 4495 1328 4506 “
