3488 5108
720 421 766 467 nu
786 420 939 467 vmovurs
960 422 995 468 ru
1016 421 1157 468 amnas.
1450 408 1511 467 663

363 575 475 642 simile
493 575 535 642 de
554 576 679 659 colore,
701 575 810 661 qualis
826 576 933 642 etiam
948 576 985 641 in
1001 576 1130 663 pyxide
1149 575 1292 664 pictoris
1311 598 1381 641 non
1400 576 1512 664 place-

362 702 425 769 bit.
444 702 631 770 Indefinita
651 726 731 789 crgo
748 709 783 768 et
799 703 1171 791 incircumscriptibilis
1191 703 1332 768 omnino
1352 709 1404 768 est
1421 703 1509 768 ratio

362 829 647 916 pulchritudinis,
658 837 727 897 eta
747 830 853 897 simili
865 831 955 897 ratio
973 830 1112 897 iocundi
1128 837 1233 916 atquc
1250 832 1342 897 boni.
1360 830 1509 897 Proinde

363 976 434 1021 non
452 963 526 1022 tcta
548 957 681 1024 vinculi
700 958 790 1023 ratio
814 957 851 1023 in
870 981 907 1023 re
926 957 1081 1025 subiecta
1104 957 1345 1045 perspicienda
1364 965 1430 1044 est,
1450 957 1509 1023 sed

320 1078 340 1141 5
364 1081 485 1166 etiam,
505 1083 692 1150 secundum
722 1086 868 1151 alteram
887 1105 958 1150 non
976 1085 1091 1150 minus
1110 1084 1333 1172 praecipuam
1357 1091 1507 1171 partem,

364 1208 401 1273 in
417 1230 457 1275 eo
474 1208 565 1294 quod
584 1209 750 1291 vincitur;
763 1209 873 1276 nihilo
887 1209 980 1275 enim
996 1216 1129 1276 mutata
1142 1210 1211 1275 cibi
1223 1209 1392 1297 qualitate
1404 1215 1508 1294 atque

363 1334 573 1426 substantia,
590 1356 683 1401 nunc
697 1342 775 1424 post
793 1334 1016 1401 refectionem
1032 1335 1204 1419 reiicitur,
1225 1336 1285 1420 qui
1307 1334 1411 1422 paulo
1427 1343 1508 1400 ante

364 1459 464 1525 avide
483 1459 691 1527 sumebatur.
712 1460 895 1549 Cupidinis
915 1461 1066 1545 vincula,
1088 1483 1175 1547 quae
1195 1467 1276 1527 ante
1307 1461 1437 1527 coitum
1457 1459 1509 1525 in·

363 1591 462 1652 tensa
490 1593 602 1672 erant,
624 1587 758 1654 modico
778 1588 919 1655 seminis
947 1589 1040 1655 iactu
1069 1596 1151 1654 sunt
1180 1589 1324 1655 remissa
1348 1593 1384 1653 et
1407 1588 1508 1674 ignes

300 1709 341 1772 10
364 1715 563 1801 temperati,
582 1714 716 1781 obiecto
732 1715 876 1803 pulchro
895 1714 1122 1781 nihilominus
1138 1714 1256 1781 codem
1272 1720 1508 1804 permanente.

364 1838 444 1905 Non
463 1847 539 1907 tota
559 1840 668 1927 igitur
687 1841 819 1907 vinculi
838 1841 927 1907 ratio
946 1841 990 1908 ad
1009 1840 1096 1907 illud
1116 1847 1168 1906 est
1186 1840 1374 1907 referenda.

672 2075 864 2126 praeparationes
879 2077 1008 2117 vinolentis.
1024 2077 1096 2117 Artic.
1112 2076 1197 2117 XVIII.

450 2265 615 2333 Vinciens
633 2266 745 2333 tribus
760 2266 888 2333 dicitur
902 2267 1103 2355 praeparari
1115 2267 1158 2334 ad
1170 2267 1365 2355 ligandum:
1379 2269 1507 2355 ordine,

363 2389 464 2458 modo
483 2397 518 2457 et
535 2392 656 2479 specie.
678 2391 770 2458 Ordo
789 2393 942 2481 partium
959 2391 1019 2459 dat
1034 2393 1231 2477 intervalla,
1248 2394 1370 2461 modus
1386 2394 1508 2461 definit

298 2519 338 2581 15
362 2517 607 2603 quantitatem,
619 2517 748 2605 specics
760 2518 894 2606 figuris,
908 2520 1127 2587 lineamentis
1139 2526 1173 2585 et
1187 2520 1358 2586 coloribus
1376 2521 1507 2606 signifi·

362 2648 468 2709 catur.
490 2640 589 2709 Sicut
607 2644 645 2709 in
664 2644 760 2710 vocis
789 2644 927 2710 vinculo
947 2644 1030 2711 ordo
1064 2644 1224 2711 consistit
1247 2645 1285 2711 in
1308 2667 1452 2712 ascensu
1473 2652 1508 2711 et

361 2769 526 2838 descensu
549 2793 611 2859 per
630 2793 750 2859 grave,
783 2776 922 2837 acutum
952 2778 988 2836 et
1010 2771 1140 2854 media3
1161 2772 1282 2838 modus
1313 2772 1350 2838 in
1378 2771 1506 2838 debitis

361 2895 490 2981 tertiis,
526 2897 674 2984 quartis,
707 2897 854 2983 quintis,
888 2897 993 2963 sextis
1027 2906 1103 2981 etc,
1131 2898 1223 2964 tonis
1258 2905 1292 2964 et
1327 2898 1504 2964 semitonis

360 3023 620 3109 progression03
653 3023 783 3109 species
811 3023 849 3088 in
880 3024 1087 3109 seueritate,
1119 3022 1305 3108 suavitate,
1335 3023 1503 3090 claritate.

294 3152 338 3215 20
362 3147 640 3235 Proportionalia
664 3156 746 3215 sunt
769 3148 882 3214 tribus
910 3149 1004 3215 hisce
1023 3149 1060 3214 in
1088 3149 1249 3216 omnibus
1273 3150 1347 3216 sive
1371 3172 1504 3237 compo·

360 3273 436 3339 sitis
460 3273 532 3340 sive
552 3273 781 3361 simplicibus
806 3274 867 3341 ubi
889 3274 1108 3363 praeparatio
1128 3280 1179 3342 est
1204 3275 1247 3342 ad
1270 3274 1503 3342 vinciendum.

673 3517 800 3559 Dlvcrsltu
813 3519 1023 3569 praeparationum.
1040 3519 1111 3560 stuc.
1130 3520 1190 3560 xlx.

448 3708 517 3773 Pro
535 3706 686 3774 vinculis
707 3708 774 3775 alia
795 3715 847 3775 est
865 3710 1085 3798 praeparatio
1105 3732 1146 3776 ex
1166 3710 1275 3797 signis
1294 3716 1328 3775 et
1347 3710 1506 3796 vestigiis

362 3831 472 3899 animi
502 3833 773 3900 concinnitatem
806 3835 1041 3902 indicantibus
1068 3844 1222 3915 tantum,
1247 3843 1282 3903 et
1304 3858 1366 3925 per
1393 3835 1504 3923 ipsam

295 3958 338 4023 25
361 3964 520 4025 movetur
554 3959 689 4025 animus
725 3959 768 4026 ad
807 3960 991 4027 animalem
1027 3961 1265 4027 tantummodo
1302 3960 1504 4027 fruitionem

358 4084 649 4171 persequendam,
687 4091 725 4151 ut
749 4084 801 4150 illi
826 4085 1011 4152 adhaereat
1034 4092 1069 4153 et
1102 4086 1256 4171 uniatur,
1277 4087 1392 4174 gratia
1423 4107 1503 4152 vero

360 4211 662 4298 praeparationem
681 4211 813 4277 habens
833 4212 870 4277 iu
899 4212 1051 4298 corporis
1071 4219 1105 4278 et
1123 4212 1360 4279 huiuscemodi
1379 4236 1503 4300 nempe

452 4481 628 4550 lpixidcli
689 4482 767 4534 18:21
783 4501 812 4550 p.
826 4483 889 4545 643,
904 4483 965 4532 7-14
1028 4484 1067 4532 23.
1083 4499 1110 4550 p.
1122 4485 1218 4546 661,st
1236 4484 1271 4547 cs.
1284 4499 1314 4548 p.
1333 4483 1487 4545 elasam
