<?xml version="1.0" encoding="UTF-8"?>
<!DOCTYPE html PUBLIC "-//W3C//DTD XHTML 1.0 Transitional//EN"
    "http://www.w3.org/TR/xhtml1/DTD/xhtml1-transitional.dtd">
<html xmlns="http://www.w3.org/1999/xhtml" xml:lang="en" lang="en">
 <head>
  <title>
</title>
<meta http-equiv="Content-Type" content="text/html;charset=utf-8" />
  <meta name='ocr-system' content='tesseract 3.04.00' />
  <meta name='ocr-capabilities' content='ocr_page ocr_carea ocr_par ocr_line ocrx_word'/>
</head>
<body>
  <div class='ocr_page' id='page_1' title='image "./jordanibruninol05brungoog_0600.png"; bbox 0 0 3488 5108; ppageno 0'>
   <div class='ocr_carea' id='block_1_1' title="bbox 696 411 1506 474">
    <p class='ocr_par' dir='ltr' id='par_1_1' title="bbox 696 411 1506 474">
     <span class='ocr_line' id='line_1_1' title="bbox 696 411 1506 474; baseline -0.004 -1"><span class='ocrx_word' id='word_1_1' title='bbox 696 429 740 473; x_wconf 85' lang='lat' dir='ltr'>nu</span> <span class='ocrx_word' id='word_1_2' title='bbox 760 429 876 474; x_wconf 80' lang='lat' dir='ltr'>nuavu</span> <span class='ocrx_word' id='word_1_3' title='bbox 898 429 1078 474; x_wconf 70' lang='lat' dir='ltr'>ramerius</span> <span class='ocrx_word' id='word_1_4' title='bbox 1099 430 1171 473; x_wconf 82' lang='lat' dir='ltr'>mc.</span> <span class='ocrx_word' id='word_1_5' title='bbox 1447 411 1506 471; x_wconf 80' lang='lat'>533</span> 
     </span>
    </p>
   </div>
   <div class='ocr_carea' id='block_1_2' title="bbox 294 580 1509 3929">
    <p class='ocr_par' dir='ltr' id='par_1_2' title="bbox 360 580 1508 1046">
     <span class='ocr_line' id='line_1_2' title="bbox 360 580 1505 670; baseline -0.004 -22"><span class='ocrx_word' id='word_1_6' title='bbox 360 607 435 649; x_wconf 87' lang='lat' dir='ltr'>rum</span> <span class='ocrx_word' id='word_1_7' title='bbox 467 583 715 667; x_wconf 61' lang='lat' dir='ltr'>concludimus),</span> <span class='ocrx_word' id='word_1_8' title='bbox 742 590 869 649; x_wconf 85' lang='lat' dir='ltr'>terram</span> <span class='ocrx_word' id='word_1_9' title='bbox 893 584 1101 649; x_wconf 87' lang='lat' dir='ltr'>elementum</span> <span class='ocrx_word' id='word_1_10' title='bbox 1133 606 1195 670; x_wconf 90' lang='lat' dir='ltr'>per</span> <span class='ocrx_word' id='word_1_11' title='bbox 1225 606 1261 647; x_wconf 90' lang='lat' dir='ltr'>se</span> <span class='ocrx_word' id='word_1_12' title='bbox 1291 581 1430 647; x_wconf 90' lang='lat' dir='ltr'>omnino</span> <span class='ocrx_word' id='word_1_13' title='bbox 1462 580 1505 645; x_wconf 90' lang='lat' dir='ltr'>ab</span> 
     </span>
     <span class='ocr_line' id='line_1_3' title="bbox 361 704 1508 796; baseline -0.003 -23"><span class='ocrx_word' id='word_1_14' title='bbox 361 707 501 774; x_wconf 90' lang='lat' dir='ltr'>humido</span> <span class='ocrx_word' id='word_1_15' title='bbox 529 708 726 774; x_wconf 85' lang='lat' dir='ltr'>absolutum</span> <span class='ocrx_word' id='word_1_16' title='bbox 750 708 838 774; x_wconf 84' lang='lat' dir='ltr'>nihil</span> <span class='ocrx_word' id='word_1_17' title='bbox 862 709 957 774; x_wconf 91' lang='lat' dir='ltr'>aliud</span> <span class='ocrx_word' id='word_1_18' title='bbox 987 732 1059 774; x_wconf 87' lang='lat' dir='ltr'>esse</span> <span class='ocrx_word' id='word_1_19' title='bbox 1084 717 1222 796; x_wconf 85' lang='lat' dir='ltr'>praeter</span> <span class='ocrx_word' id='word_1_20' title='bbox 1245 706 1413 773; x_wconf 89' lang='lat' dir='ltr'>eiusmodi</span> <span class='ocrx_word' id='word_1_21' title='bbox 1437 704 1508 771; x_wconf 85' lang='lat' dir='ltr'>eor-</span> 
     </span>
     <span class='ocr_line' id='line_1_4' title="bbox 362 834 1508 921; baseline -0.003 -21"><span class='ocrx_word' id='word_1_22' title='bbox 362 834 524 921; x_wconf 89' lang='lat' dir='ltr'>puscula,</span> <span class='ocrx_word' id='word_1_23' title='bbox 556 841 660 919; x_wconf 86' lang='lat' dir='ltr'>atque</span> <span class='ocrx_word' id='word_1_24' title='bbox 690 857 729 900; x_wconf 88' lang='lat' dir='ltr'>ea</span> <span class='ocrx_word' id='word_1_25' title='bbox 757 834 895 920; x_wconf 90' lang='lat' dir='ltr'>quidem</span> <span class='ocrx_word' id='word_1_26' title='bbox 921 857 1009 921; x_wconf 87' lang='lat' dir='ltr'>quae</span> <span class='ocrx_word' id='word_1_27' title='bbox 1037 836 1081 900; x_wconf 87' lang='lat' dir='ltr'>ad</span> <span class='ocrx_word' id='word_1_28' title='bbox 1108 834 1213 900; x_wconf 86' lang='lat' dir='ltr'>solem</span> <span class='ocrx_word' id='word_1_29' title='bbox 1245 838 1294 898; x_wconf 88' lang='lat' dir='ltr'>ita</span> <span class='ocrx_word' id='word_1_30' title='bbox 1318 840 1399 898; x_wconf 86' lang='lat' dir='ltr'>sunt</span> <span class='ocrx_word' id='word_1_31' title='bbox 1429 854 1508 898; x_wconf 92' lang='lat' dir='ltr'>con·</span> 
     </span>
     <span class='ocr_line' id='line_1_5' title="bbox 361 959 1507 1046; baseline -0.003 -21"><span class='ocrx_word' id='word_1_32' title='bbox 361 959 494 1046; x_wconf 86' lang='lat' dir='ltr'>spicue,</span> <span class='ocrx_word' id='word_1_33' title='bbox 514 959 702 1046; x_wconf 87' lang='lat' dir='ltr'>composita</span> <span class='ocrx_word' id='word_1_34' title='bbox 722 967 822 1042; x_wconf 85' lang='lat' dir='ltr'>sunt,</span> <span class='ocrx_word' id='word_1_35' title='bbox 853 982 924 1025; x_wconf 91' lang='lat' dir='ltr'>non</span> <span class='ocrx_word' id='word_1_36' title='bbox 954 966 1085 1041; x_wconf 79' lang='lat' dir='ltr'>atoma,</span> <span class='ocrx_word' id='word_1_37' title='bbox 1106 965 1141 1023; x_wconf 93' lang='lat' dir='ltr'>et</span> <span class='ocrx_word' id='word_1_38' title='bbox 1170 965 1419 1042; x_wconf 79' lang='lat' dir='ltr'>consequenter</span> <span class='ocrx_word' id='word_1_39' title='bbox 1437 979 1507 1022; x_wconf 90' lang='lat' dir='ltr'>non</span> 
     </span>
    </p>

    <p class='ocr_par' dir='ltr' id='par_1_3' title="bbox 318 1084 1509 1672">
     <span class='ocr_line' id='line_1_6' title="bbox 318 1084 1507 1171; baseline -0.006 -17"><span class='ocrx_word' id='word_1_40' title='bbox 318 1085 437 1154; x_wconf 67' lang='lat' dir='ltr'>iasine</span> <span class='ocrx_word' id='word_1_41' title='bbox 464 1107 566 1170; x_wconf 86' lang='lat' dir='ltr'>aqua;</span> <span class='ocrx_word' id='word_1_42' title='bbox 599 1085 783 1150; x_wconf 77' lang='lat' dir='ltr'>imitantur</span> <span class='ocrx_word' id='word_1_43' title='bbox 814 1093 930 1150; x_wconf 88' lang='lat' dir='ltr'>tamen</span> <span class='ocrx_word' id='word_1_44' title='bbox 961 1084 1171 1171; x_wconf 87' lang='lat' dir='ltr'>simplicium</span> <span class='ocrx_word' id='word_1_45' title='bbox 1202 1090 1334 1148; x_wconf 91' lang='lat' dir='ltr'>motum</span> <span class='ocrx_word' id='word_1_46' title='bbox 1365 1090 1507 1170; x_wconf 88' lang='lat' dir='ltr'>propter</span> 
     </span>
     <span class='ocr_line' id='line_1_7' title="bbox 361 1209 1509 1297; baseline -0.003 -21"><span class='ocrx_word' id='word_1_47' title='bbox 361 1210 514 1297; x_wconf 89' lang='lat' dir='ltr'>partium</span> <span class='ocrx_word' id='word_1_48' title='bbox 539 1209 737 1275; x_wconf 72' lang='lat' dir='ltr'>coeuntium</span> <span class='ocrx_word' id='word_1_49' title='bbox 757 1209 983 1296; x_wconf 84' lang='lat' dir='ltr'>paucitatem,</span> <span class='ocrx_word' id='word_1_50' title='bbox 1009 1209 1153 1295; x_wconf 88' lang='lat' dir='ltr'>ideoque</span> <span class='ocrx_word' id='word_1_51' title='bbox 1183 1231 1253 1274; x_wconf 89' lang='lat' dir='ltr'>non</span> <span class='ocrx_word' id='word_1_52' title='bbox 1278 1210 1407 1274; x_wconf 86' lang='lat' dir='ltr'>multae</span> <span class='ocrx_word' id='word_1_53' title='bbox 1431 1229 1509 1273; x_wconf 91' lang='lat' dir='ltr'>oon·</span> 
     </span>
     <span class='ocr_line' id='line_1_8' title="bbox 361 1332 1507 1421; baseline -0.003 -21"><span class='ocrx_word' id='word_1_54' title='bbox 361 1334 551 1402; x_wconf 87' lang='lat' dir='ltr'>trarietatis</span> <span class='ocrx_word' id='word_1_55' title='bbox 578 1333 855 1421; x_wconf 70' lang='lat' dir='ltr'>participatione.</span> <span class='ocrx_word' id='word_1_56' title='bbox 888 1335 940 1398; x_wconf 91' lang='lat' dir='ltr'>Ne</span> <span class='ocrx_word' id='word_1_57' title='bbox 971 1356 1052 1420; x_wconf 88' lang='lat' dir='ltr'>ergo</span> <span class='ocrx_word' id='word_1_58' title='bbox 1084 1333 1256 1420; x_wconf 83' lang='lat' dir='ltr'>quispiam</span> <span class='ocrx_word' id='word_1_59' title='bbox 1284 1341 1412 1398; x_wconf 86' lang='lat' dir='ltr'>terram</span> <span class='ocrx_word' id='word_1_60' title='bbox 1442 1332 1507 1397; x_wconf 89' lang='lat' dir='ltr'>ele·</span> 
     </span>
     <span class='ocr_line' id='line_1_9' title="bbox 362 1459 1507 1547; baseline -0.003 -20"><span class='ocrx_word' id='word_1_61' title='bbox 362 1466 516 1527; x_wconf 88' lang='lat' dir='ltr'>mentum</span> <span class='ocrx_word' id='word_1_62' title='bbox 535 1460 686 1547; x_wconf 87' lang='lat' dir='ltr'>appellet</span> <span class='ocrx_word' id='word_1_63' title='bbox 714 1482 821 1546; x_wconf 86' lang='lat' dir='ltr'>grave</span> <span class='ocrx_word' id='word_1_64' title='bbox 843 1460 1060 1546; x_wconf 88' lang='lat' dir='ltr'>respiciendo</span> <span class='ocrx_word' id='word_1_65' title='bbox 1090 1459 1133 1524; x_wconf 86' lang='lat' dir='ltr'>ad</span> <span class='ocrx_word' id='word_1_66' title='bbox 1155 1459 1368 1546; x_wconf 86' lang='lat' dir='ltr'>composita,</span> <span class='ocrx_word' id='word_1_67' title='bbox 1398 1468 1438 1524; x_wconf 93' lang='lat' dir='ltr'>ut</span> <span class='ocrx_word' id='word_1_68' title='bbox 1464 1459 1507 1524; x_wconf 93' lang='lat' dir='ltr'>ad</span> 
     </span>
     <span class='ocr_line' id='line_1_10' title="bbox 360 1563 1508 1672; baseline -0.001 -21"><span class='ocrx_word' id='word_1_69' title='bbox 360 1563 492 1672; x_wconf 79' lang='lat' dir='ltr'>lapides</span> <span class='ocrx_word' id='word_1_70' title='bbox 519 1607 631 1667; x_wconf 89' lang='lat' dir='ltr'>veros,</span> <span class='ocrx_word' id='word_1_71' title='bbox 653 1594 687 1649; x_wconf 89' lang='lat' dir='ltr'>et</span> <span class='ocrx_word' id='word_1_72' title='bbox 713 1587 822 1650; x_wconf 82' lang='lat' dir='ltr'>mixta</span> <span class='ocrx_word' id='word_1_73' title='bbox 845 1585 991 1670; x_wconf 87' lang='lat' dir='ltr'>quaein</span> <span class='ocrx_word' id='word_1_74' title='bbox 1018 1585 1141 1652; x_wconf 89' lang='lat' dir='ltr'>tellure</span> <span class='ocrx_word' id='word_1_75' title='bbox 1160 1593 1345 1672; x_wconf 86' lang='lat' dir='ltr'>apparent;</span> <span class='ocrx_word' id='word_1_76' title='bbox 1367 1584 1508 1670; x_wconf 87' lang='lat' dir='ltr'>figmen-</span> 
     </span>
    </p>

    <p class='ocr_par' dir='ltr' id='par_1_4' title="bbox 297 1709 1509 1901">
     <span class='ocr_line' id='line_1_11' title="bbox 297 1709 1509 1796; baseline 0 -21"><span class='ocrx_word' id='word_1_77' title='bbox 297 1714 339 1776; x_wconf 84' lang='lat'>10</span> <span class='ocrx_word' id='word_1_78' title='bbox 361 1715 435 1776; x_wconf 86' lang='lat' dir='ltr'>tum</span> <span class='ocrx_word' id='word_1_79' title='bbox 460 1709 552 1775; x_wconf 89' lang='lat' dir='ltr'>enim</span> <span class='ocrx_word' id='word_1_80' title='bbox 584 1709 649 1775; x_wconf 93' lang='lat' dir='ltr'>hoc</span> <span class='ocrx_word' id='word_1_81' title='bbox 678 1732 720 1775; x_wconf 83' lang='lat' dir='ltr'>ex</span> <span class='ocrx_word' id='word_1_82' title='bbox 754 1710 938 1776; x_wconf 86' lang='lat' dir='ltr'>admodum</span> <span class='ocrx_word' id='word_1_83' title='bbox 968 1710 1101 1775; x_wconf 89' lang='lat' dir='ltr'>modica</span> <span class='ocrx_word' id='word_1_84' title='bbox 1132 1710 1407 1776; x_wconf 76' lang='lat' dir='ltr'>consideratione</span> <span class='ocrx_word' id='word_1_85' title='bbox 1431 1732 1509 1796; x_wconf 90' lang='lat' dir='ltr'>pro·</span> 
     </span>
     <span class='ocr_line' id='line_1_12' title="bbox 361 1836 572 1901; baseline -0.009 -1"><span class='ocrx_word' id='word_1_86' title='bbox 361 1836 491 1901; x_wconf 86' lang='lat' dir='ltr'>fectum</span> <span class='ocrx_word' id='word_1_87' title='bbox 510 1840 572 1900; x_wconf 89' lang='lat' dir='ltr'>est.</span> 
     </span>
    </p>

    <p class='ocr_par' dir='ltr' id='par_1_5' title="bbox 360 1959 1506 2297">
     <span class='ocr_line' id='line_1_13' title="bbox 451 1959 1506 2026; baseline 0.002 -2"><span class='ocrx_word' id='word_1_88' title='bbox 451 1959 610 2025; x_wconf 87' lang='lat' dir='ltr'>Officium</span> <span class='ocrx_word' id='word_1_89' title='bbox 631 1967 742 2025; x_wconf 86' lang='lat' dir='ltr'>terrae</span> <span class='ocrx_word' id='word_1_90' title='bbox 758 1982 818 2026; x_wconf 88' lang='lat' dir='ltr'>seu</span> <span class='ocrx_word' id='word_1_91' title='bbox 837 1967 1030 2026; x_wconf 86' lang='lat' dir='ltr'>atomorum</span> <span class='ocrx_word' id='word_1_92' title='bbox 1051 1959 1247 2025; x_wconf 89' lang='lat' dir='ltr'>huiusmodi</span> <span class='ocrx_word' id='word_1_93' title='bbox 1262 1959 1300 2024; x_wconf 91' lang='lat' dir='ltr'>in</span> <span class='ocrx_word' id='word_1_94' title='bbox 1317 1982 1429 2025; x_wconf 87' lang='lat' dir='ltr'>rerum</span> <span class='ocrx_word' id='word_1_95' title='bbox 1447 1982 1506 2026; x_wconf 92' lang='lat' dir='ltr'>na-</span> 
     </span>
     <span class='ocr_line' id='line_1_14' title="bbox 360 2084 1505 2173; baseline 0 -23"><span class='ocrx_word' id='word_1_96' title='bbox 360 2094 451 2169; x_wconf 86' lang='lat' dir='ltr'>tura,</span> <span class='ocrx_word' id='word_1_97' title='bbox 472 2091 511 2150; x_wconf 94' lang='lat' dir='ltr'>ut</span> <span class='ocrx_word' id='word_1_98' title='bbox 530 2084 695 2169; x_wconf 74' lang='lat' dir='ltr'>dirimire,</span> <span class='ocrx_word' id='word_1_99' title='bbox 715 2092 767 2150; x_wconf 90' lang='lat' dir='ltr'>est</span> <span class='ocrx_word' id='word_1_100' title='bbox 786 2085 996 2152; x_wconf 85' lang='lat' dir='ltr'>soliditatem</span> <span class='ocrx_word' id='word_1_101' title='bbox 1016 2085 1218 2173; x_wconf 89' lang='lat' dir='ltr'>corporibus</span> <span class='ocrx_word' id='word_1_102' title='bbox 1242 2085 1381 2172; x_wconf 81' lang='lat' dir='ltr'>elargiri</span> <span class='ocrx_word' id='word_1_103' title='bbox 1401 2092 1505 2170; x_wconf 86' lang='lat' dir='ltr'>atque</span> 
     </span>
     <span class='ocr_line' id='line_1_15' title="bbox 360 2208 1506 2297; baseline 0.003 -24"><span class='ocrx_word' id='word_1_104' title='bbox 360 2208 562 2289; x_wconf 83' lang='lat' dir='ltr'>terminum,</span> <span class='ocrx_word' id='word_1_105' title='bbox 582 2209 685 2294; x_wconf 89' lang='lat' dir='ltr'>idque</span> <span class='ocrx_word' id='word_1_106' title='bbox 703 2231 773 2275; x_wconf 91' lang='lat' dir='ltr'>nen</span> <span class='ocrx_word' id='word_1_107' title='bbox 790 2233 852 2297; x_wconf 88' lang='lat' dir='ltr'>per</span> <span class='ocrx_word' id='word_1_108' title='bbox 871 2232 906 2275; x_wconf 88' lang='lat' dir='ltr'>se</span> <span class='ocrx_word' id='word_1_109' title='bbox 925 2210 984 2276; x_wconf 89' lang='lat' dir='ltr'>sed</span> <span class='ocrx_word' id='word_1_110' title='bbox 1001 2233 1079 2277; x_wconf 91' lang='lat' dir='ltr'>oum</span> <span class='ocrx_word' id='word_1_111' title='bbox 1096 2233 1199 2296; x_wconf 88' lang='lat' dir='ltr'>aqua;</span> <span class='ocrx_word' id='word_1_112' title='bbox 1216 2231 1305 2295; x_wconf 87' lang='lat' dir='ltr'>aqua</span> <span class='ocrx_word' id='word_1_113' title='bbox 1322 2210 1414 2276; x_wconf 89' lang='lat' dir='ltr'>enim</span> <span class='ocrx_word' id='word_1_114' title='bbox 1429 2210 1506 2276; x_wconf 88' lang='lat' dir='ltr'>istis</span> 
     </span>
    </p>

    <p class='ocr_par' dir='ltr' id='par_1_6' title="bbox 296 2336 1508 2926">
     <span class='ocr_line' id='line_1_16' title="bbox 296 2336 1507 2423; baseline 0.002 -22"><span class='ocrx_word' id='word_1_115' title='bbox 296 2339 337 2401; x_wconf 77' lang='lat'>15</span> <span class='ocrx_word' id='word_1_116' title='bbox 361 2337 485 2404; x_wconf 89' lang='lat' dir='ltr'>tribuit</span> <span class='ocrx_word' id='word_1_117' title='bbox 500 2336 776 2422; x_wconf 81' lang='lat' dir='ltr'>consistentiam,</span> <span class='ocrx_word' id='word_1_118' title='bbox 796 2346 835 2403; x_wconf 87' lang='lat' dir='ltr'>ut</span> <span class='ocrx_word' id='word_1_119' title='bbox 853 2336 975 2423; x_wconf 81' lang='lat' dir='ltr'>fluida,</span> <span class='ocrx_word' id='word_1_120' title='bbox 996 2337 1183 2423; x_wconf 83' lang='lat' dir='ltr'>evolantia,</span> <span class='ocrx_word' id='word_1_121' title='bbox 1208 2336 1429 2405; x_wconf 86' lang='lat' dir='ltr'>discontinua</span> <span class='ocrx_word' id='word_1_122' title='bbox 1447 2361 1507 2404; x_wconf 87' lang='lat' dir='ltr'>seu</span> 
     </span>
     <span class='ocr_line' id='line_1_17' title="bbox 361 2460 1507 2550; baseline -0.002 -22"><span class='ocrx_word' id='word_1_123' title='bbox 361 2461 508 2528; x_wconf 88' lang='lat' dir='ltr'>discreta</span> <span class='ocrx_word' id='word_1_124' title='bbox 532 2461 607 2548; x_wconf 87' lang='lat' dir='ltr'>ipsa</span> <span class='ocrx_word' id='word_1_125' title='bbox 631 2461 805 2528; x_wconf 87' lang='lat' dir='ltr'>mediante</span> <span class='ocrx_word' id='word_1_126' title='bbox 828 2484 936 2527; x_wconf 89' lang='lat' dir='ltr'>unum</span> <span class='ocrx_word' id='word_1_127' title='bbox 960 2484 1083 2550; x_wconf 88' lang='lat' dir='ltr'>corpus</span> <span class='ocrx_word' id='word_1_128' title='bbox 1107 2462 1336 2545; x_wconf 85' lang='lat' dir='ltr'>constituant,</span> <span class='ocrx_word' id='word_1_129' title='bbox 1355 2460 1507 2527; x_wconf 87' lang='lat' dir='ltr'>vicissim</span> 
     </span>
     <span class='ocr_line' id='line_1_18' title="bbox 360 2586 1507 2675; baseline 0 -23"><span class='ocrx_word' id='word_1_130' title='bbox 360 2609 442 2653; x_wconf 88' lang='lat' dir='ltr'>vero</span> <span class='ocrx_word' id='word_1_131' title='bbox 472 2595 566 2653; x_wconf 89' lang='lat' dir='ltr'>terra</span> <span class='ocrx_word' id='word_1_132' title='bbox 596 2611 655 2653; x_wconf 90' lang='lat' dir='ltr'>seu</span> <span class='ocrx_word' id='word_1_133' title='bbox 684 2587 790 2653; x_wconf 90' lang='lat' dir='ltr'>atomi</span> <span class='ocrx_word' id='word_1_134' title='bbox 820 2586 905 2653; x_wconf 92' lang='lat' dir='ltr'>dant</span> <span class='ocrx_word' id='word_1_135' title='bbox 924 2587 1214 2654; x_wconf 85' lang='lat' dir='ltr'>terminationem.</span> <span class='ocrx_word' id='word_1_136' title='bbox 1237 2588 1424 2675; x_wconf 87' lang='lat' dir='ltr'>Propterea</span> <span class='ocrx_word' id='word_1_137' title='bbox 1442 2586 1507 2652; x_wconf 89' lang='lat' dir='ltr'>hoo</span> 
     </span>
     <span class='ocr_line' id='line_1_19' title="bbox 361 2713 1508 2800; baseline -0.001 -23"><span class='ocrx_word' id='word_1_138' title='bbox 361 2713 448 2780; x_wconf 90' lang='lat' dir='ltr'>bene</span> <span class='ocrx_word' id='word_1_139' title='bbox 470 2713 559 2779; x_wconf 88' lang='lat' dir='ltr'>dixit</span> <span class='ocrx_word' id='word_1_140' title='bbox 579 2713 783 2780; x_wconf 84' lang='lat' dir='ltr'>Aristoteles</span> <span class='ocrx_word' id='word_1_141' title='bbox 803 2718 909 2796; x_wconf 87' lang='lat' dir='ltr'>(more</span> <span class='ocrx_word' id='word_1_142' title='bbox 933 2713 1040 2796; x_wconf 87' lang='lat' dir='ltr'>enim,</span> <span class='ocrx_word' id='word_1_143' title='bbox 1061 2713 1151 2779; x_wconf 88' lang='lat' dir='ltr'>siout</span> <span class='ocrx_word' id='word_1_144' title='bbox 1178 2713 1252 2800; x_wconf 91' lang='lat' dir='ltr'>ipse</span> <span class='ocrx_word' id='word_1_145' title='bbox 1275 2713 1508 2800; x_wconf 82' lang='lat' dir='ltr'>exemplificat</span> 
     </span>
     <span class='ocr_line' id='line_1_20' title="bbox 360 2836 1507 2926; baseline -0.001 -22"><span class='ocrx_word' id='word_1_146' title='bbox 360 2839 402 2904; x_wconf 89' lang='lat' dir='ltr'>de</span> <span class='ocrx_word' id='word_1_147' title='bbox 422 2839 516 2924; x_wconf 87' lang='lat' dir='ltr'>aliis,</span> <span class='ocrx_word' id='word_1_148' title='bbox 533 2839 772 2926; x_wconf 89' lang='lat' dir='ltr'>imperitorum</span> <span class='ocrx_word' id='word_1_149' title='bbox 790 2836 1074 2924; x_wconf 82' lang='lat' dir='ltr'>digladiatorum‚</span> <span class='ocrx_word' id='word_1_150' title='bbox 1093 2837 1152 2922; x_wconf 91' lang='lat' dir='ltr'>qui</span> <span class='ocrx_word' id='word_1_151' title='bbox 1168 2837 1342 2903; x_wconf 87' lang='lat' dir='ltr'>interdum</span> <span class='ocrx_word' id='word_1_152' title='bbox 1358 2837 1507 2924; x_wconf 89' lang='lat' dir='ltr'>optimos</span> 
     </span>
    </p>

    <p class='ocr_par' dir='ltr' id='par_1_7' title="bbox 294 2962 1509 3555">
     <span class='ocr_line' id='line_1_21' title="bbox 294 2962 1508 3050; baseline -0.007 -15"><span class='ocrx_word' id='word_1_153' title='bbox 294 2972 339 3035; x_wconf 78' lang='lat'>20</span> <span class='ocrx_word' id='word_1_154' title='bbox 361 2963 450 3030; x_wconf 90' lang='lat' dir='ltr'>ictus</span> <span class='ocrx_word' id='word_1_155' title='bbox 469 2964 616 3046; x_wconf 85' lang='lat' dir='ltr'>faciunt,</span> <span class='ocrx_word' id='word_1_156' title='bbox 629 2963 733 3048; x_wconf 90' lang='lat' dir='ltr'>idque</span> <span class='ocrx_word' id='word_1_157' title='bbox 747 2984 817 3028; x_wconf 88' lang='lat' dir='ltr'>non</span> <span class='ocrx_word' id='word_1_158' title='bbox 832 2964 1032 3050; x_wconf 85' lang='lat' dir='ltr'>prudenter)</span> <span class='ocrx_word' id='word_1_159' title='bbox 1046 2986 1066 3028; x_wconf 88' lang='lat' dir='ltr'>a</span> <span class='ocrx_word' id='word_1_160' title='bbox 1082 2970 1174 3027; x_wconf 86' lang='lat' dir='ltr'>terra</span> <span class='ocrx_word' id='word_1_161' title='bbox 1190 2985 1250 3028; x_wconf 90' lang='lat' dir='ltr'>seu</span> <span class='ocrx_word' id='word_1_162' title='bbox 1266 2985 1286 3028; x_wconf 90' lang='lat' dir='ltr'>a</span> <span class='ocrx_word' id='word_1_163' title='bbox 1302 2962 1392 3027; x_wconf 87' lang='lat' dir='ltr'>sicco</span> <span class='ocrx_word' id='word_1_164' title='bbox 1406 2963 1508 3028; x_wconf 90' lang='lat' dir='ltr'>ratio-</span> 
     </span>
     <span class='ocr_line' id='line_1_22' title="bbox 361 3088 1506 3176; baseline -0.001 -21"><span class='ocrx_word' id='word_1_165' title='bbox 361 3113 441 3156; x_wconf 90' lang='lat' dir='ltr'>nem</span> <span class='ocrx_word' id='word_1_166' title='bbox 460 3113 532 3155; x_wconf 83' lang='lat' dir='ltr'>esse</span> <span class='ocrx_word' id='word_1_167' title='bbox 552 3089 707 3168; x_wconf 86' lang='lat' dir='ltr'>termini;</span> <span class='ocrx_word' id='word_1_168' title='bbox 721 3089 755 3155; x_wconf 89' lang='lat' dir='ltr'>id</span> <span class='ocrx_word' id='word_1_169' title='bbox 769 3091 861 3155; x_wconf 91' lang='lat' dir='ltr'>enim</span> <span class='ocrx_word' id='word_1_170' title='bbox 879 3088 915 3154; x_wconf 93' lang='lat' dir='ltr'>in</span> <span class='ocrx_word' id='word_1_171' title='bbox 928 3089 1175 3176; x_wconf 89' lang='lat' dir='ltr'>compositione</span> <span class='ocrx_word' id='word_1_172' title='bbox 1186 3088 1327 3176; x_wconf 91' lang='lat' dir='ltr'>proprio</span> <span class='ocrx_word' id='word_1_173' title='bbox 1344 3088 1506 3172; x_wconf 86' lang='lat' dir='ltr'>termine,</span> 
     </span>
     <span class='ocr_line' id='line_1_23' title="bbox 361 3213 1508 3302; baseline -0.004 -19"><span class='ocrx_word' id='word_1_174' title='bbox 361 3216 540 3283; x_wconf 91' lang='lat' dir='ltr'>humidum</span> <span class='ocrx_word' id='word_1_175' title='bbox 553 3239 633 3281; x_wconf 88' lang='lat' dir='ltr'>vero</span> <span class='ocrx_word' id='word_1_176' title='bbox 647 3215 759 3282; x_wconf 89' lang='lat' dir='ltr'>alieno</span> <span class='ocrx_word' id='word_1_177' title='bbox 772 3216 987 3281; x_wconf 89' lang='lat' dir='ltr'>terminatur.</span> <span class='ocrx_word' id='word_1_178' title='bbox 1001 3216 1047 3281; x_wconf 84' lang='lat' dir='ltr'>Et</span> <span class='ocrx_word' id='word_1_179' title='bbox 1062 3215 1119 3280; x_wconf 90' lang='lat' dir='ltr'>hic</span> <span class='ocrx_word' id='word_1_180' title='bbox 1135 3214 1293 3302; x_wconf 87' lang='lat' dir='ltr'>quamvis</span> <span class='ocrx_word' id='word_1_181' title='bbox 1310 3213 1398 3280; x_wconf 86' lang='lat' dir='ltr'>bene</span> <span class='ocrx_word' id='word_1_182' title='bbox 1414 3213 1508 3279; x_wconf 89' lang='lat' dir='ltr'>dixe·</span> 
     </span>
     <span class='ocr_line' id='line_1_24' title="bbox 361 3340 1509 3428; baseline -0.001 -21"><span class='ocrx_word' id='word_1_183' title='bbox 361 3343 417 3424; x_wconf 84' lang='lat' dir='ltr'>rit,</span> <span class='ocrx_word' id='word_1_184' title='bbox 431 3364 500 3407; x_wconf 92' lang='lat' dir='ltr'>non</span> <span class='ocrx_word' id='word_1_185' title='bbox 520 3348 637 3406; x_wconf 91' lang='lat' dir='ltr'>tamen</span> <span class='ocrx_word' id='word_1_186' title='bbox 649 3350 720 3407; x_wconf 87' lang='lat' dir='ltr'>tam</span> <span class='ocrx_word' id='word_1_187' title='bbox 733 3341 821 3407; x_wconf 90' lang='lat' dir='ltr'>bene</span> <span class='ocrx_word' id='word_1_188' title='bbox 839 3340 1021 3407; x_wconf 87' lang='lat' dir='ltr'>intellexit.</span> <span class='ocrx_word' id='word_1_189' title='bbox 1034 3343 1137 3428; x_wconf 82' lang='lat' dir='ltr'>Aqua</span> <span class='ocrx_word' id='word_1_190' title='bbox 1153 3340 1246 3407; x_wconf 88' lang='lat' dir='ltr'>enim</span> <span class='ocrx_word' id='word_1_191' title='bbox 1263 3363 1322 3406; x_wconf 94' lang='lat' dir='ltr'>seu</span> <span class='ocrx_word' id='word_1_192' title='bbox 1339 3363 1432 3405; x_wconf 86' lang='lat' dir='ltr'>mare</span> <span class='ocrx_word' id='word_1_193' title='bbox 1449 3363 1509 3406; x_wconf 87' lang='lat' dir='ltr'>seu</span> 
     </span>
     <span class='ocr_line' id='line_1_25' title="bbox 360 3465 1508 3555; baseline -0.001 -25"><span class='ocrx_word' id='word_1_194' title='bbox 360 3467 505 3532; x_wconf 89' lang='lat' dir='ltr'>flumina</span> <span class='ocrx_word' id='word_1_195' title='bbox 524 3489 584 3532; x_wconf 90' lang='lat' dir='ltr'>seu</span> <span class='ocrx_word' id='word_1_196' title='bbox 603 3465 717 3532; x_wconf 84' lang='lat' dir='ltr'>fontes</span> <span class='ocrx_word' id='word_1_197' title='bbox 737 3466 882 3552; x_wconf 82' lang='lat' dir='ltr'>figuram</span> <span class='ocrx_word' id='word_1_198' title='bbox 902 3467 1078 3555; x_wconf 86' lang='lat' dir='ltr'>accipiunt</span> <span class='ocrx_word' id='word_1_199' title='bbox 1097 3491 1117 3532; x_wconf 87' lang='lat' dir='ltr'>a</span> <span class='ocrx_word' id='word_1_200' title='bbox 1132 3490 1213 3533; x_wconf 87' lang='lat' dir='ltr'>vase</span> <span class='ocrx_word' id='word_1_201' title='bbox 1230 3488 1289 3531; x_wconf 89' lang='lat' dir='ltr'>seu</span> <span class='ocrx_word' id='word_1_202' title='bbox 1309 3465 1508 3531; x_wconf 87' lang='lat' dir='ltr'>continente</span> 
     </span>
    </p>

    <p class='ocr_par' dir='ltr' id='par_1_8' title="bbox 295 3591 1509 3929">
     <span class='ocr_line' id='line_1_26' title="bbox 295 3591 1508 3678; baseline -0.004 -19"><span class='ocrx_word' id='word_1_203' title='bbox 295 3601 339 3664; x_wconf 69' lang='lat'>‘25</span> <span class='ocrx_word' id='word_1_204' title='bbox 362 3593 498 3673; x_wconf 86' lang='lat' dir='ltr'>tellure,</span> <span class='ocrx_word' id='word_1_205' title='bbox 517 3599 575 3656; x_wconf 74' lang='lat' dir='ltr'>abr</span> <span class='ocrx_word' id='word_1_206' title='bbox 591 3591 673 3655; x_wconf 89' lang='lat' dir='ltr'>item</span> <span class='ocrx_word' id='word_1_207' title='bbox 692 3593 889 3657; x_wconf 89' lang='lat' dir='ltr'>continetur</span> <span class='ocrx_word' id='word_1_208' title='bbox 907 3592 945 3658; x_wconf 94' lang='lat' dir='ltr'>in</span> <span class='ocrx_word' id='word_1_209' title='bbox 965 3593 1135 3658; x_wconf 88' lang='lat' dir='ltr'>meatibus</span> <span class='ocrx_word' id='word_1_210' title='bbox 1155 3591 1345 3678; x_wconf 84' lang='lat' dir='ltr'>suscipiens</span> <span class='ocrx_word' id='word_1_211' title='bbox 1362 3591 1508 3676; x_wconf 83' lang='lat' dir='ltr'>figuram</span> 
     </span>
     <span class='ocr_line' id='line_1_27' title="bbox 360 3716 1508 3802; baseline -0.001 -19"><span class='ocrx_word' id='word_1_212' title='bbox 360 3719 515 3783; x_wconf 84' lang='lat' dir='ltr'>lacerum</span> <span class='ocrx_word' id='word_1_213' title='bbox 549 3739 607 3782; x_wconf 88' lang='lat' dir='ltr'>seu</span> <span class='ocrx_word' id='word_1_214' title='bbox 643 3717 844 3783; x_wconf 87' lang='lat' dir='ltr'>fistularum.</span> <span class='ocrx_word' id='word_1_215' title='bbox 880 3717 999 3784; x_wconf 84' lang='lat' dir='ltr'>Simile</span> <span class='ocrx_word' id='word_1_216' title='bbox 1033 3717 1209 3783; x_wconf 87' lang='lat' dir='ltr'>debuisset</span> <span class='ocrx_word' id='word_1_217' title='bbox 1237 3716 1433 3802; x_wconf 81' lang='lat' dir='ltr'>intelligere</span> <span class='ocrx_word' id='word_1_218' title='bbox 1466 3716 1508 3782; x_wconf 89' lang='lat' dir='ltr'>de</span> 
     </span>
     <span class='ocr_line' id='line_1_28' title="bbox 365 3842 1509 3929; baseline 0 -21"><span class='ocrx_word' id='word_1_219' title='bbox 365 3844 459 3929; x_wconf 82' lang='lat' dir='ltr'>igne,</span> <span class='ocrx_word' id='word_1_220' title='bbox 480 3843 540 3929; x_wconf 89' lang='lat' dir='ltr'>qui</span> <span class='ocrx_word' id='word_1_221' title='bbox 561 3843 722 3909; x_wconf 89' lang='lat' dir='ltr'>subtilior</span> <span class='ocrx_word' id='word_1_222' title='bbox 741 3851 792 3908; x_wconf 84' lang='lat' dir='ltr'>est</span> <span class='ocrx_word' id='word_1_223' title='bbox 812 3852 903 3926; x_wconf 78' lang='lat' dir='ltr'>ae&#39;re,</span> <span class='ocrx_word' id='word_1_224' title='bbox 927 3851 1093 3928; x_wconf 82' lang='lat' dir='ltr'>tantoque</span> <span class='ocrx_word' id='word_1_225' title='bbox 1119 3842 1230 3929; x_wconf 80' lang='lat' dir='ltr'>magis</span> <span class='ocrx_word' id='word_1_226' title='bbox 1254 3848 1384 3927; x_wconf 87' lang='lat' dir='ltr'>quanto</span> <span class='ocrx_word' id='word_1_227' title='bbox 1405 3842 1509 3909; x_wconf 89' lang='lat' dir='ltr'>maio-</span> 
     </span>
    </p>
   </div>
   <div class='ocr_carea' id='block_1_3' title="bbox 369 4095 682 4104">
    <p class='ocr_par' dir='ltr' id='par_1_9' title="bbox 369 4095 682 4104">
     <span class='ocr_line' id='line_1_29' title="bbox 369 4095 682 4104; baseline -0.01 0"><span class='ocrx_word' id='word_1_228' title='bbox 369 4095 682 4104; x_wconf 75' lang='lat'>....——-—-...-.</span> 
     </span>
    </p>
   </div>
   <div class='ocr_carea' id='block_1_4' title="bbox 363 4238 1510 4555">
    <p class='ocr_par' dir='ltr' id='par_1_10' title="bbox 363 4238 1510 4555">
     <span class='ocr_line' id='line_1_30' title="bbox 452 4238 1507 4311; baseline 0.003 -16"><span class='ocrx_word' id='word_1_229' title='bbox 452 4247 468 4295; x_wconf 87' lang='grc'><strong>9</strong></span> <span class='ocrx_word' id='word_1_230' title='bbox 485 4260 567 4296; x_wconf 79' lang='lat' dir='ltr'>verae</span> <span class='ocrx_word' id='word_1_231' title='bbox 581 4238 628 4295; x_wconf 71' lang='lat' dir='ltr'>Ml</span> <span class='ocrx_word' id='word_1_232' title='bbox 695 4248 725 4296; x_wconf 84' lang='grc'>18</span> <span class='ocrx_word' id='word_1_233' title='bbox 742 4245 828 4311; x_wconf 81' lang='lat' dir='ltr'>enim]</span> <span class='ocrx_word' id='word_1_234' title='bbox 835 4248 915 4311; x_wconf 79' lang='lat' dir='ltr'>forae</span> <span class='ocrx_word' id='word_1_235' title='bbox 924 4255 1022 4298; x_wconf 81' lang='lat' dir='ltr'>antem</span> <span class='ocrx_word' id='word_1_236' title='bbox 1085 4247 1125 4298; x_wconf 65' lang='lat' dir='ltr'>w.</span> <span class='ocrx_word' id='word_1_237' title='bbox 1136 4247 1168 4297; x_wconf 73' lang='lat'>22</span> <span class='ocrx_word' id='word_1_238' title='bbox 1184 4245 1271 4298; x_wconf 71' lang='lat' dir='ltr'>Arist.</span> <span class='ocrx_word' id='word_1_239' title='bbox 1281 4246 1322 4297; x_wconf 77' lang='lat' dir='ltr'>Dc</span> <span class='ocrx_word' id='word_1_240' title='bbox 1330 4263 1388 4310; x_wconf 76' lang='lat' dir='ltr'>pen.</span> <span class='ocrx_word' id='word_1_241' title='bbox 1400 4253 1422 4295; x_wconf 78' lang='lat' dir='ltr'>cl</span> <span class='ocrx_word' id='word_1_242' title='bbox 1435 4263 1507 4298; x_wconf 81' lang='lat' dir='ltr'>corr.</span> 
     </span>
     <span class='ocr_line' id='line_1_31' title="bbox 364 4318 1510 4393; baseline 0.003 -18"><span class='ocrx_word' id='word_1_243' title='bbox 364 4327 415 4377; x_wconf 78' lang='lat'>132.</span> <span class='ocrx_word' id='word_1_244' title='bbox 424 4318 489 4375; x_wconf 73' lang='lat' dir='ltr'>329b</span> <span class='ocrx_word' id='word_1_245' title='bbox 498 4329 535 4375; x_wconf 78' lang='lat'>30</span> <span class='ocrx_word' id='word_1_246' title='bbox 547 4341 601 4390; x_wconf 79' lang='lat' dir='ltr'>sqq.</span> <span class='ocrx_word' id='word_1_247' title='bbox 619 4329 665 4390; x_wconf 86' lang='lat' dir='ltr'>(cs.</span> <span class='ocrx_word' id='word_1_248' title='bbox 679 4327 788 4378; x_wconf 81' lang='lat' dir='ltr'>Meteor.</span> <span class='ocrx_word' id='word_1_249' title='bbox 806 4330 854 4381; x_wconf 67' lang='grc' dir='ltr'>Μ.</span> <span class='ocrx_word' id='word_1_250' title='bbox 865 4328 932 4375; x_wconf 74' lang='grc'>381”</span> <span class='ocrx_word' id='word_1_251' title='bbox 943 4331 1056 4391; x_wconf 75' lang='lat' dir='ltr'>29rqq.;</span> <span class='ocrx_word' id='word_1_252' title='bbox 1071 4345 1157 4393; x_wconf 72' lang='lat' dir='ltr'>sopra</span> <span class='ocrx_word' id='word_1_253' title='bbox 1169 4344 1197 4391; x_wconf 86' lang='lat' dir='ltr'>p.</span> <span class='ocrx_word' id='word_1_254' title='bbox 1209 4328 1273 4386; x_wconf 81' lang='lat'>382,</span> <span class='ocrx_word' id='word_1_255' title='bbox 1286 4331 1299 4377; x_wconf 90' lang='lat'><em>1</em></span> <span class='ocrx_word' id='word_1_256' title='bbox 1311 4332 1378 4392; x_wconf 79' lang='lat' dir='ltr'>sqq.)</span> <span class='ocrx_word' id='word_1_257' title='bbox 1426 4330 1458 4378; x_wconf 79' lang='lat' dir='ltr'>‘2ss</span> <span class='ocrx_word' id='word_1_258' title='bbox 1472 4329 1510 4379; x_wconf 84' lang='lat' dir='ltr'>la-</span> 
     </span>
     <span class='ocr_line' id='line_1_32' title="bbox 363 4400 1509 4474; baseline 0.003 -17"><span class='ocrx_word' id='word_1_259' title='bbox 363 4422 460 4457; x_wconf 87' lang='lat' dir='ltr'>cerum</span> <span class='ocrx_word' id='word_1_260' title='bbox 471 4400 528 4457; x_wconf 65' lang='lat' dir='ltr'>Ml:</span> <span class='ocrx_word' id='word_1_261' title='bbox 541 4409 668 4459; x_wconf 83' lang='lat' dir='ltr'>locorum</span> <span class='ocrx_word' id='word_1_262' title='bbox 679 4400 734 4458; x_wconf 70' lang='lat' dir='ltr'>Ml.</span> <span class='ocrx_word' id='word_1_263' title='bbox 747 4408 775 4459; x_wconf 83' lang='lat' dir='ltr'>Il</span> <span class='ocrx_word' id='word_1_264' title='bbox 788 4409 882 4459; x_wconf 81' lang='lat' dir='ltr'>Brano</span> <span class='ocrx_word' id='word_1_265' title='bbox 894 4409 1017 4474; x_wconf 70' lang='lat' dir='ltr'>adoperti</span> <span class='ocrx_word' id='word_1_266' title='bbox 1029 4408 1115 4459; x_wconf 79' lang='lat' dir='ltr'>anche</span> <span class='ocrx_word' id='word_1_267' title='bbox 1129 4415 1289 4459; x_wconf 82' lang='lat' dir='ltr'>meatorum</span> <span class='ocrx_word' id='word_1_268' title='bbox 1296 4425 1350 4473; x_wconf 80' lang='lat' dir='ltr'>per</span> <span class='ocrx_word' id='word_1_269' title='bbox 1362 4416 1509 4460; x_wconf 79' lang='lat' dir='ltr'>meatuum</span> 
     </span>
     <span class='ocr_line' id='line_1_33' title="bbox 363 4487 874 4555; baseline 0.006 -19"><span class='ocrx_word' id='word_1_270' title='bbox 363 4493 398 4553; x_wconf 72' lang='lat' dir='ltr'>lu.</span> <span class='ocrx_word' id='word_1_271' title='bbox 416 4505 434 4536; x_wconf 81' lang='lat' dir='ltr'>a</span> <span class='ocrx_word' id='word_1_272' title='bbox 451 4487 603 4539; x_wconf 80' lang='lat' dir='ltr'>&#39;Medicina</span> <span class='ocrx_word' id='word_1_273' title='bbox 616 4489 764 4541; x_wconf 77' lang='lat' dir='ltr'>Lulliana‘</span> <span class='ocrx_word' id='word_1_274' title='bbox 771 4490 799 4553; x_wconf 80' lang='lat' dir='ltr'>s.</span> <span class='ocrx_word' id='word_1_275' title='bbox 815 4491 874 4555; x_wconf 74' lang='lat'>56¹²)</span> 
     </span>
    </p>
   </div>
   <div class='ocr_carea' id='block_1_5' title="bbox 0 0 1750 5108">
    <p class='ocr_par' dir='ltr' id='par_1_11' title="bbox 0 0 1750 5108">
     <span class='ocr_line' id='line_1_34' title="bbox 0 0 1750 5108; baseline 0 0"><span class='ocrx_word' id='word_1_276' title='bbox 0 0 1750 5108; x_wconf 95' lang='lat' dir='ltr'> </span> 
     </span>
    </p>
   </div>
  </div>
 </body>
</html>
