3488 5108
605 406 734 451 murus
754 407 913 452 rauusrn
935 407 1141 455 srlrvnavn.
1388 395 1444 453 149

300 563 438 651 pulum,
459 563 660 648 auditorem,
680 564 872 630 studiosum
891 572 926 630 et
945 564 1184 651 inquisitorem
1204 571 1443 652 comparatum

301 687 392 753 unde
410 710 524 753 rerum
546 711 606 774 per
624 712 658 754 se
676 695 851 774 notarum,
871 696 906 755 et
926 713 1013 775 quae
1043 689 1117 755 sine
1148 689 1315 777 magistro
1334 690 1445 779 possi·

301 812 441 896 dentur,
461 835 533 879 non
552 812 680 879 dicitur
699 836 771 880 esse
790 813 983 902 disciplina.

390 936 509 1002 XXII.
529 937 609 1021 Ars,
630 944 750 1025 utpote
767 946 860 1005 recta
878 939 967 1005 ratio
986 962 1101 1006 rerum
1120 940 1346 1026 agendarum,
1361 964 1445 1028 qua·

257 1057 402 1128 titanus
426 1063 568 1150 respicit
591 1071 768 1129 externam
799 1064 998 1145 materiam3
1024 1063 1179 1150 alioquin
1207 1072 1258 1132 est
1290 1066 1445 1132 collectio

301 1187 488 1254 multorum
508 1188 772 1273 universalium,
792 1197 896 1277 prout
915 1188 1113 1255 extenditur
1128 1189 1213 1255 artis
1231 1189 1445 1277 significatio

302 1312 345 1378 ad
363 1313 503 1378 habitus
523 1313 627 1379 etiam
646 1314 844 1381 rationales.

389 1437 527 1504 XXIII.
551 1438 732 1523 Doctrina,
752 1446 873 1528 utpote
892 1440 1032 1506 habitus
1049 1448 1083 1506 et
1100 1439 1261 1518 facultas,
1281 1463 1348 1527 qua
1365 1441 1444 1526 quis

301 1562 421 1628 docere
440 1562 525 1629 alios
541 1570 668 1650 potest,
684 1564 776 1630 unde
792 1573 827 1630 et
843 1566 963 1632 doctus
982 1564 1199 1631 denominari
1220 1572 1321 1650 queat
1341 1572 1445 1650 atque

238 1692 278 1755 10
300 1689 436 1771 doctor;
464 1690 556 1757 unde
586 1692 778 1757 mechanici
801 1715 870 1760 non
901 1693 1064 1759 dicuntur
1093 1694 1220 1759 habere
1250 1693 1444 1760 doctrinam

300 1837 411 1901 neque
428 1814 593 1882 doctores.
662 1860 666 1867 -

388 1943 523 2010 XXIV.
547 1945 611 2010 Est
630 1944 790 2028 scientia,
809 1951 931 2032 utpote
950 1945 1090 2013 habitus
1119 1947 1348 2013 conclusionis
1378 1971 1440 2035 per

299 2069 628 2135 demonstrationem
649 2070 853 2156 acquisitus,
875 2071 935 2156 qui
954 2079 1006 2137 est
1024 2094 1066 2137 ex
1085 2072 1294 2154 notioribus,
1314 2073 1438 2159 priori-

300 2194 363 2260 bus
379 2204 441 2261 eto„
462 2202 496 2261 et
520 2195 649 2261 caussis
668 2195 814 2262 alicuius
833 2195 883 2261 rei
902 2195 1052 2281 scibilis,
1079 2202 1155 2263 tum
1186 2197 1440 2264 concludendae
1506 2192 1510 2202 ¹

234 2324 275 2388 15
299 2319 487 2386 secundum
503 2321 673 2386 rationem
688 2319 833 2407 formae,
848 2328 968 2409 utpote
979 2320 1220 2388 necessitatem
1231 2344 1440 2409 consequen·

298 2444 383 2528 tiae,
396 2452 470 2511 tum
486 2445 674 2512 secundam
690 2445 930 2513 necessitatem
942 2445 1122 2530 materiae,
1136 2453 1257 2535 utpote
1269 2447 1441 2514 rationem

299 2575 549 2660 consequentis.
574 2573 675 2641 Unde
698 2573 765 2640 duo
785 2580 994 2640 concurrunt
1017 2572 1061 2639 ad
1083 2573 1280 2641 huiusmodi
1300 2574 1440 2641 habitus

299 2700 596 2767 constitutionem:
618 2698 737 2766 modus
750 2699 881 2764 sciendi
899 2707 934 2765 et
952 2698 1073 2784 forma,
1093 2707 1127 2765 et
1146 2699 1291 2767 scientia
1309 2723 1368 2766 seu
1388 2700 1439 2766 in·

298 2825 455 2891 tellectus
474 2832 595 2913 utpote
615 2825 768 2891 materia.

231 2949 275 3013 20
387 2952 502 3017 XXV.
527 2952 591 3016 Est
611 2951 790 3033 certitud0‚
807 2957 927 3037 utpote
941 2973 1099 3016 assensus
1119 2950 1278 3017 veritatis
1298 2950 1441 3016 effirma·

298 3082 353 3141 tus
373 3084 407 3141 et
427 3075 562 3142 stabilis
581 3085 686 3163 atque
705 3076 871 3158 sancitus,
893 3098 961 3162 quo
984 3076 1061 3162 quis
1089 3099 1159 3141 non
1190 3076 1300 3143 solam
1323 3076 1439 3161 novit,

298 3201 480 3268 sedetiam
499 3202 563 3268 scit
583 3201 674 3288 quod
694 3201 801 3266 novit.
827 3201 918 3267 Huic
937 3202 1052 3268 obstat
1071 3201 1215 3289 perfidia
1235 3210 1270 3268 et
1289 3201 1441 3268 obstina-

298 3329 363 3410 cia,
384 3336 505 3415 utpote
526 3328 644 3394 firmus
664 3351 820 3394 assensus
840 3328 931 3393 circa
949 3326 1053 3412 falsa,
1073 3350 1140 3413 quo
1169 3328 1246 3414 quis
1277 3328 1387 3394 nascit
1407 3335 1442 3393 et

296 3453 442 3519 firmiter
458 3461 559 3540 putat
577 3477 612 3518 se
628 3454 727 3536 scire,
745 3476 855 3539 neque
872 3453 1083 3518 contrarium
1100 3453 1219 3518 audire
1239 3453 1442 3539 dignaretur

231 3589 273 3651 ‘25
296 3601 408 3663 neque
427 3579 569 3665 patitur.

386 3703 521 3768 XXVI.
547 3705 610 3770 Est
629 3704 827 3791 scrupulus,
851 3709 971 3790 utpote
995 3703 1151 3788 habitus,
1177 3726 1244 3790 quo
1269 3705 1441 3793 quispiam

297 3827 395 3913 quasi
414 3827 487 3893 zelo
507 3828 658 3894 trahitur
682 3836 716 3894 et
735 3829 873 3894 ducitur
891 3828 1049 3894 veritatis
1076 3838 1112 3894 et
1143 3829 1323 3914 bonitatis,
1344 3831 1442 3898 iuxta

387 4079 418 4128 16
434 4078 504 4142 dopo
519 4077 674 4128 secundum
690 4070 774 4143 (sd—m)
789 4079 907 4128 cancello
922 4081 954 4130 sd
969 4080 992 4128 A
1058 4082 1087 4131 18
1104 4082 1173 4147 dopo
1186 4082 1438 4147 constitutionem,

296 4155 366 4221 dopo
379 4158 489 4209 sciendi
503 4175 516 4207 o
528 4157 597 4222 dopo
612 4158 703 4207 forma
719 4158 879 4225 interpungo
895 4162 933 4209 A:
950 4159 1189 4212 constitutionem
1204 4164 1303 4214 modus
1318 4164 1439 4226 sciendi,

296 4245 325 4287 et
337 4239 429 4288 forma
443 4253 494 4288 sou
507 4238 630 4288 scientia
639 4239 756 4303 sciendi,
766 4254 817 4289 seu
829 4237 873 4288 M:
880 4240 960 4303 forae
974 4248 1006 4290 ut
1020 4242 1113 4291 forma
1123 4241 1220 4306 (imuce
1233 4243 1263 4292 di
1275 4250 1304 4295 et
1318 4243 1441 4308 formast

295 4319 326 4368 22
342 4318 413 4382 dopo
425 4318 501 4384 quod
513 4319 596 4368 novit
610 4317 740 4384 appt'onpe
752 4327 785 4369 ut
800 4320 870 4369 dicit
883 4320 1057 4371 Aristotcles
1069 4315 1116 4372 VI
1125 4323 1243 4386 Aualyt.
1254 4322 1285 4373 M
1291 4340 1297 4389 ;
1307 4325 1341 4388 cs.
1353 4324 1439 4376 Arist.

292 4417 322 4464 p.
339 4400 384 4447 74¹1
400 4398 453 4447 27?
514 4398 545 4449 24
562 4399 698 4462 dignetur
712 4402 735 4464 (r
753 4399 864 4450 nesciat
877 4400 906 4450 al
923 4419 945 4452 a.
960 4403 1005 4467 23)
1024 4401 1067 4452 M:
1083 4402 1100 4453 l.
1116 4403 1253 4468 dignatur
1316 4405 1347 4457 27
1366 4406 1437 4466 zelo]

297 4479 325 4530 lu
333 4480 427 4544 prima
438 4476 537 4530 aillaba
549 4494 621 4531 corr.
636 4477 661 4530 A
