3488 5108
297 394 355 454 482
737 408 876 453 rounam
896 407 997 452 aaviu

375 566 436 626 Sed
454 586 492 626 ex
513 566 622 626 horum
639 565 870 644 perturbatione
896 563 963 624 falli
980 563 1121 639 sequitur
1138 570 1169 623 et
1186 562 1311 639 fallere;
1330 582 1437 642 perse

295 675 374 735 enim
391 673 565 734 immediate
583 681 614 733 et
630 673 754 751 proprie
771 672 940 750 cogitativa
956 672 1083 748 fallitur,
1102 679 1133 730 et
1154 671 1321 731 secundum
1336 669 1438 748 ipsam

296 781 399 860 opinio
417 801 491 842 vera
507 780 618 840 dicitur
635 787 666 839 et
682 779 770 840 falsa.

807 1042 919 1107 XLV.

249 1265 269 1328 5
382 1265 507 1330 Nullus
527 1287 645 1330 sensus
664 1263 884 1351 particularis
904 1262 1082 1349 cognoscit
1100 1284 1135 1326 se
1160 1261 1302 1344 sentire,
1321 1281 1435 1344 neque

296 1391 527 1457 differentiam
545 1392 637 1456 iuter
656 1413 691 1456 se
710 1397 745 1454 et
764 1389 885 1472 alium,
908 1412 1019 1473 neque
1039 1388 1107 1455 alio
1123 1396 1226 1476 pacto
1246 1394 1361 1452 actum
1381 1409 1434 1451 re·

293 1517 419 1583 flexum
438 1516 543 1582 habet
562 1516 653 1581 circa
671 1515 847 1602 propriam
865 1515 1045 1579 actionem.

376 1684 470 1744 Visus
488 1684 567 1744 enim
584 1685 681 1763 ipsius
695 1692 744 1743 est
757 1682 875 1757 videre,
892 1701 952 1741 non
966 1689 1066 1741 autem
1081 1680 1178 1758 ipsius
1190 1689 1238 1740 est
1249 1699 1433 1757 cognoscere

295 1810 329 1849 se
349 1811 421 1849 vere
439 1790 543 1851 videre
561 1791 611 1851 vel
628 1791 722 1867 false,
741 1790 796 1849 sed
813 1790 870 1849 hoc
888 1789 928 1849 ad
944 1790 1095 1849 internam
1113 1788 1281 1867 potentiam
1298 1796 1432 1866 spectat,

230 1895 271 1957 10
296 1916 405 1972 nempe
422 1916 546 1955 sensum
567 1917 763 1956 communem.
776 1896 805 1954 A
819 1894 1003 1973 cogitatione
1018 1895 1111 1971 igitur
1125 1914 1179 1955 seu
1197 1895 1363 1971 cogitativa
1380 1915 1433 1971 po·

294 2004 392 2064 tentia
420 2004 528 2080 incipit
555 2013 641 2062 actus
659 2003 790 2064 reflexus
818 2004 1045 2080 cognoscitivae
1063 2004 1228 2082 potentiae,
1249 2012 1280 2062 ot
1302 2003 1367 2063 eius
1384 2011 1433 2062 est

295 2111 405 2170 vinciri
422 2110 519 2190 primo
547 2118 579 2171 et
596 2111 717 2189 proprie
743 2111 772 2169 in
792 2111 945 2170 erroribus
972 2111 1131 2189 opinionis.
1160 2110 1291 2170 Vincula
1312 2118 1343 2169 et
1359 2110 1431 2169 nodi

295 2225 367 2277 sunt
392 2238 429 2278 ox
455 2225 542 2296 parte
568 2217 737 2295 specierum
762 2218 951 2278 sensibilium
980 2226 1012 2279 et
1031 2219 1277 2296 perturbatorum
1298 2225 1431 2289 actuum,

294 2345 436 2386 sensuum
448 2326 497 2385 vel
511 2336 703 2384 externorum
718 2326 767 2385 vel
782 2326 872 2385 etiam
888 2327 1090 2400 internorum
1100 2325 1210 2384 vinciri
1223 2331 1325 2383 tamen
1337 2324 1433 2401 phau-

229 2427 270 2491 15
295 2431 403 2491 tasiam
419 2439 451 2490 et
467 2451 591 2491 sensum
609 2451 664 2490 suo
688 2431 778 2490 modo
797 2431 911 2491 dictum
929 2442 989 2508 est,
1007 2433 1050 2492 ita
1066 2440 1101 2491 ut
1121 2431 1212 2490 facile
1233 2438 1338 2507 pateat
1354 2449 1432 2507 quae

295 2540 336 2598 sit
353 2538 529 2598 differentia
546 2539 625 2600 inter
642 2539 725 2598 illius
742 2542 864 2614 generis
881 2539 1002 2600 vincula
1018 2548 1050 2598 et
1066 2539 1165 2600 istius.

384 2647 446 2706 Sub
464 2647 585 2707 nomine
602 2647 783 2724 phantasiae
800 2647 965 2724 accipimus
985 2647 1170 2723 generaliter
1190 2668 1308 2708 omnem
1325 2655 1432 2725 poten-

294 2753 368 2813 tiam
390 2754 568 2814 sensitivam
593 2755 744 2813 internam
771 2773 848 2829 quae
872 2763 920 2813 est
942 2763 1012 2812 ante
1040 2753 1250 2832 cogitativam,
1269 2774 1377 2832 nempe
1398 2766 1433 2814 ut

294 2859 422 2919 includit
440 2862 531 2921 etiam
549 2881 671 2921 sensum
690 2882 886 2921 communem.

796 3121 922 3187 XLVI.

380 3348 551 3433 Analogia
572 3350 739 3433 quaedam
755 3359 807 3417 est
824 3377 843 3417 a
860 3355 1060 3439 corporeas]
1077 3356 1289 3441 spiritun1‚a
1306 3359 1432 3446 spiritu

291 3471 504 3555 adsensum,
526 3497 545 3538 a
565 3497 665 3539 seusu
690 3483 831 3574 externo
852 3479 896 3543 ad
915 3479 1103 3563 internum,
1125 3504 1144 3546 a
1164 3505 1263 3547 seusu
1289 3506 1431 3568 genera-

290 3599 370 3663 liter
389 3600 432 3663 ad
456 3600 641 3685 rationem,
662 3625 681 3666 a
702 3603 836 3669 ratione
868 3605 910 3669 ad
932 3605 1158 3691 intellectum,
1179 3610 1222 3673 ab
1251 3610 1430 3676 intellectu

290 3723 632 3807 admenten13unile
654 3750 695 3791 ex
716 3728 927 3814 obligatione
952 3737 985 3793 et
1005 3731 1252 3818 impedimento
1275 3735 1430 3820 praevia--

224 3844 266 3906 25
290 3870 366 3912 rum
383 3848 589 3915 facultatum
602 3860 793 3936 sequuntur
810 3853 1058 3940 impedimenta
1070 3865 1104 3919 et
1125 3861 1128 3940 l
1149 3857 1338 3944 ligamenta
1355 3882 1433 3925 corr·
1457 3866 1548 3929 86¹·
1566 3871 1605 3933 G

293 3975 518 4058 sequentium.

381 4306 395 4353 7
412 4305 482 4370 dopo
502 4309 644 4358 actionem
665 4311 783 4360 cancello
802 4313 883 4362 visus
903 4313 934 4361 Μ
1009 4315 1025 4363 8
1042 4321 1085 4363 ast
1102 4314 1208 4378 viderel
1232 4318 1312 4366 visus
1334 4323 1378 4368 ast
1391 4319 1432 4367 vi-

289 4388 354 4437 dore
371 4388 404 4437 M
409 4393 415 4424 ¹
480 4390 495 4438 9
512 4390 608 4441 videre
622 4390 688 4441 verb
706 4392 727 4441 0
788 4395 817 4442 14
836 4394 880 4443 vel
894 4394 1073 4445 internorum
1090 4397 1175 4445 etiam
1192 4399 1213 4449 0
1276 4400 1313 4449 l‘i.
1325 4401 1355 4450 19
1372 4399 1431 4450 Sub

290 4499 318 4505 -
329 4484 509 4521 communem
520 4487 606 4536 marg.
624 4471 676 4522 OM
738 4473 769 4522 22
785 4475 830 4525 vel
845 4490 971 4541 sensum,
986 4473 1001 4526 ὸ
1016 4491 1101 4528 sensu
1116 4484 1235 4529 externo
1247 4479 1280 4529 M
1292 4480 1326 4545 (t)
