3488 5108
669 417 798 464 causas
818 418 977 466 TRIGINTA
998 419 1204 465 srlrvaavu.
1468 407 1504 465 tl

367 574 464 640 aiunt
489 574 674 660 Platonici,
700 588 751 642 est
775 577 923 642 circulus
940 583 1098 660 naturae,
1116 576 1171 642 cui
1188 575 1341 642 succedit
1357 577 1505 643 circulus

367 701 544 782 materiae,
565 723 672 786 usque
697 701 740 766 ad
762 701 865 767 inane
889 701 986 768 iuxta
1009 701 1101 768 hunc
1124 701 1331 789 procedendi
1356 700 1504 768 modurn.

455 827 556 892 XXI.
574 828 636 893 Est
656 827 942 893 considerandum
959 827 1048 914 quod
1065 828 1094 893 si
1111 827 1307 893 intellectus
1321 828 1434 914 prima
1450 850 1508 894 na·

365 964 444 1020 tura
468 956 648 1022 individua
676 958 871 1044 appellatur
895 963 930 1022 et
953 962 1016 1040 est,
1042 956 1269 1024 individuitas
1293 956 1366 1023 eius
1389 956 1508 1024 differt

321 1081 343 1143 ὃ
366 1082 409 1147 ab
434 1081 681 1149 individuitate
703 1091 849 1171 paterna
877 1083 1064 1150 secundum
1082 1084 1360 1172 praenominatos
1380 1084 1509 1186 theolo-

365 1229 437 1294 gos.
459 1210 463 1292 Ι
483 1208 552 1274 Hic
566 1209 658 1274 enim
673 1209 749 1275 ideo
769 1208 969 1275 individuus
985 1208 1126 1291 dicitur,
1144 1209 1225 1296 quia
1241 1216 1294 1275 est
1312 1208 1440 1297 ubique
1458 1217 1509 1276 to-
1533 1216 1640 1279 121*

366 1338 440 1413 tus;
458 1332 516 1398 ille
532 1341 656 1418 autem,
674 1335 755 1419 quia
772 1341 824 1399 est
843 1334 886 1399 ab
907 1334 1066 1400 omnibus
1089 1334 1281 1420 absolutus,
1299 1333 1349 1400 ita
1365 1337 1508 1421 inquam

365 1457 562 1542 absolutus,
593 1482 637 1523 ne
664 1459 881 1545 intelligatur
911 1459 1041 1544 abesse,
1071 1458 1128 1524 sed
1148 1460 1265 1546 potius
1289 1459 1510 1527 eminentiori

365 1582 524 1649 omuibus
547 1582 663 1650 adesse
688 1584 831 1650 ratione.

302 1713 344 1776 10
455 1709 577 1774 XXII.
602 1710 654 1775 Εο
688 1708 808 1775 ordine
835 1709 1059 1797 procedamus
1087 1709 1131 1775 ad
1158 1710 1232 1776 eius
1262 1711 1508 1798 cognitionem,

365 1841 405 1899 ut
428 1845 563 1921 patrem
587 1834 824 1922 intelligamus
851 1835 959 1900 veluti
987 1835 1112 1918 lucem,
1133 1841 1283 1901 mentem
1311 1834 1421 1902 filium
1449 1859 1508 1903 scu

364 1959 580 2025 intellectum
599 1961 706 2026 veluti
728 1961 847 2042 solem,
865 1959 1115 2046 intelligentias
1135 1966 1310 2047 separatas
1329 1961 1439 2028 veluti
1459 1962 1509 2028 lu·

365 2086 512 2151 minaria
532 2108 619 2170 quae
643 2109 663 2151 a
687 2087 755 2152 sole
780 2085 898 2150 lumen
916 2085 1129 2172 concipiunt,
1149 2084 1364 2151 intellectum
1387 2085 1507 2153 huma·

365 2234 448 2278 num
471 2211 581 2277 veluti
604 2210 723 2277 lunam
745 2211 874 2298 partim
898 2233 937 2275 ea
961 2211 1036 2277 luce
1065 2210 1215 2276 lucidam
1245 2210 1376 2298 partim
1403 2221 1509 2278 mate-

299 2335 341 2399 15
364 2336 444 2403 riali
468 2337 665 2402 conditione
694 2358 852 2424 opacam,
876 2357 1075 2423 corpoream
1099 2343 1260 2402 naturam
1286 2335 1508 2403 sensibilibus

365 2462 592 2548 qualitatibus
615 2461 809 2549 praeditam
833 2461 940 2527 veluti
966 2461 1170 2546 coloratum,
1191 2462 1370 2529 materiam
1393 2462 1503 2529 veluti

363 2588 531 2656 umbram.

452 2713 590 2779 XXIII.
616 2713 858 2799 Intelligamus
873 2719 1024 2778 mentem
1042 2713 1190 2799 primam
1209 2720 1388 2799 parentem
1407 2714 1507 2780 lumi·

362 2839 432 2921 nia,
456 2838 670 2904 intellectum
699 2838 850 2925 primum
879 2836 1011 2902 fontem
1039 2837 1193 2903 idearum
1217 2844 1251 2902 et
1278 2837 1391 2903 ideam
1415 2838 1506 2905 idea-

295 2968 340 3031 20
364 2986 453 3049 rum,
468 2962 717 3050 intelligentias
735 2962 885 3051 specula,
899 2963 1028 3050 species
1044 2961 1081 3027 in
1096 2970 1221 3029 natura
1233 2963 1389 3030 idearum
1402 2966 1506 3031 vesti-

363 3088 439 3174 gia,
456 3088 608 3154 rationes
626 3089 765 3154 illarum
782 3088 972 3175 specierum
988 3086 1025 3152 in
1040 3094 1157 3154 nostro
1170 3088 1349 3155 intellectu
1364 3089 1504 3156 umbras

364 3211 528 3279 idearum.

452 3338 586 3403 XXIV.
613 3339 807 3425 Imaginare
827 3337 986 3421 triadem,
1005 3360 1092 3424 quae
1111 3345 1163 3404 est
1181 3339 1219 3403 in
1235 3338 1372 3404 dicente
1388 3338 1502 3423 verbo,

363 3472 397 3528 et
421 3463 617 3550 significato
646 3464 683 3530 iu
707 3486 745 3529 eo
771 3464 861 3552 quod
885 3464 1012 3530 dicitur
1035 3465 1153 3551 'pater
1177 3488 1273 3530 mens
1297 3472 1349 3530 cst
1376 3464 1433 3550 qui
1455 3464 1504 3530 di-

293 3597 338 3661 25
362 3588 468 3654 ccndc
499 3589 663 3676 produxit
694 3589 804 3655 filium
835 3613 894 3655 seu
925 3590 1081 3673 verbum,
1105 3596 1140 3654 et
1170 3612 1232 3677 per
1261 3589 1405 3656 verbnm
1435 3589 1504 3656 dic·

360 3727 436 3783 turn
459 3717 619 3783 universa
640 3725 720 3782 sunt
736 3716 932 3803 producta';
957 3716 1100 3782 verbum
1116 3716 1245 3782 etenim
1264 3716 1350 3782 illud
1366 3740 1435 3783 non
1455 3740 1504 3783 su

360 3845 432 3910 lum
456 3852 508 3909 est
531 3843 740 3927 substantia,
767 3842 824 3908 sed
841 3843 1115 3909 substantiarum
1139 3843 1351 3926 substantia,
1375 3843 1412 3909 in
1436 3865 1504 3929 quo

453 4113 674 4210 luminarium
691 4160 782 4208 veluti
800 4159 888 4210 solem
907 4111 1013 4223 filiumz
1032 4174 1083 4208 seu
1105 4159 1284 4209 intellectum
1306 4161 1344 4208 A:
1363 4167 1502 4224 mentem,

360 4239 1077 4305 filiumeauvelutiSolem‚qulcstpaterSolisM
1124 4241 1154 4289 ll
1171 4239 1298 4290 lucidum
1311 4241 1345 4288 ΑΙ
1391 4241 1422 4289 15
1438 4255 1503 4290 con-

360 4320 463 4370 ditioui
483 4321 506 4369 A
570 4322 601 4370 23
619 4322 648 4370 iu
661 4321 774 4371 dicente
796 4320 828 4369 M
837 4337 842 4369 :
859 4320 1005 4384 indigente
1019 4321 1043 4369 A
1108 4321 1140 4370 21
1157 4321 1190 4370 In
1209 4326 1342 4383 (correcto,
1359 4319 1425 4369 adel
1439 4325 1503 4370 lutto

360 4399 476 4460 inccr105
499 4416 550 4451 seu
568 4400 636 4464 14¹²)
655 4417 687 4450 cc
703 4401 779 4467 quod
800 4403 832 4449 di·
848 4400 890 4450 A:
907 4400 941 4450 In
956 4416 988 4449 ao
1004 4401 1079 4466 quod
1098 4400 1168 4450 dicit
1186 4415 1237 4451 seu
1255 4402 1286 4450 in
1302 4401 1378 4467 quod
1397 4400 1503 4451 dicitur

361 4483 447 4534 Pater
461 4497 512 4534 ean
527 4497 606 4533 mena
620 4484 726 4548 estqui
740 4489 784 4533 cle.
799 4482 831 4532 Μ
