3488 5108
533 399 662 445 arurae
684 400 842 445 raroiuru
865 399 1069 447 srnrvunvn.
1332 390 1371 448 65

314 555 455 623 XXIII.
481 556 599 624 Unum
623 557 901 624 continuitate
925 557 1143 646 significatur
1165 582 1227 647 per
1257 560 1371 631 radios

225 683 274 750 ita
294 685 451 770 emissos,
473 691 512 751 ut
532 706 711 771 nunquam
731 685 801 752 sint
820 685 1017 774 interrupti.

314 811 450 877 XXIV.
474 811 594 879 Unum
619 812 905 898 contiguitate
928 811 1147 899 significatur
1170 835 1232 901 per
1256 813 1371 882 radios

224 944 380 1006 rotarum
399 937 532 1004 orbitae
551 944 586 1004 et
605 937 662 1003 axi
682 938 870 1026 copulatos.

179 1067 200 1128 ὗ
313 1063 430 1129 XXV.
455 1065 574 1132 Unum
598 1064 917 1131 coacervatione
940 1072 1083 1132 notatur
1105 1088 1167 1154 per
1196 1066 1370 1135 calathum

224 1212 327 1274 quem
351 1213 455 1278 snpra
480 1196 587 1277 caput
610 1196 738 1277 gestat,
763 1190 800 1256 in
830 1213 898 1276 quo
928 1213 1042 1258 rernm
1062 1192 1217 1261 omnium
1235 1194 1368 1263 semina

224 1315 457 1382 continentur.

312 1439 446 1505 XXVI.
479 1440 596 1508 Unum
621 1441 946 1529 congregatione
974 1448 1075 1509 notat
1103 1441 1225 1509 chorus
1256 1444 1369 1513 Musa·
1397 1445 1512 1510 127²

222 1587 299 1631 rum
319 1566 445 1651 quibus
469 1566 655 1654 praesidet,
683 1589 770 1654 quae
793 1567 884 1633 circa
903 1590 1039 1634 currum
1059 1566 1200 1635 choreas
1224 1567 1367 1652 ducunt,

158 1701 200 1764 10
223 1715 292 1778 qua
311 1693 445 1758 ratione
464 1693 628 1781 populna,
650 1692 790 1776 civitas,
807 1716 953 1780 regnum
972 1716 1080 1760 unum
1099 1692 1273 1765 dicuntur.

311 1819 464 1885 XXVII.
500 1820 618 1888 Unum
650 1820 862 1886 harmonia
897 1842 956 1885 sen
985 1820 1264 1887 consonantia
1295 1822 1368 1889 sive

223 1952 440 2028 concentu,
459 1967 526 2030 qua
543 1945 677 2011 ratione
696 1967 739 2009 ex
754 1944 874 2011 multis
889 1944 1033 2010 vocibus
1052 1967 1121 2011 una
1136 1944 1264 2013 dicitur
1280 1969 1368 2036 sym·

221 2070 363 2158 phonia,
392 2076 536 2136 notatur
565 2093 627 2156 per
663 2070 839 2157 Apollinis
872 2070 1055 2153 citharam,
1086 2093 1192 2158 quam
1222 2072 1366 2160 spiritus

222 2197 462 2263 universorum
481 2195 610 2261 dicitur
630 2196 673 2262 ab
693 2194 830 2283 Orpheo
849 2197 979 2284 plectro
999 2218 1194 2284 personare.

156 2332 198 2395 15
312 2321 483 2387 XXVIII.
509 2320 628 2388 Unum
663 2321 941 2410 colligatione
976 2328 1119 2389 notatur
1146 2344 1209 2410 per
1236 2323 1367 2393 nudam

221 2448 401 2514 Aestatem
420 2456 500 2514 ante
520 2470 659 2515 currum
679 2447 871 2536 maniplum
894 2447 1036 2537 frugum
1060 2457 1095 2515 et
1114 2449 1289 2538 spicarum
1308 2451 1366 2521 ad·

221 2573 399 2640 ferent-em.

311 2699 450 2766 XXIX.
477 2701 594 2768 Unum
619 2701 957 2767 concatenatione
982 2707 1125 2768 notatur
1152 2724 1215 2789 per
1238 2702 1365 2770 retina·

224 2827 302 2893 cula
322 2849 497 2913 equanam.

154 2964 199 3027 20
311 2952 432 3018 XXX.
458 2954 574 3020 Unum
598 2951 837 3019 reductione
866 2974 926 3018 seu
959 2952 1239 3020 coincidentia
1268 2958 1366 3020 nota·

220 3085 277 3143 tur
301 3101 362 3166 per
382 3078 496 3144 radios
520 3100 735 3166 repercussos
766 3102 785 3143 a
810 3086 912 3161 terra,
943 3078 981 3143 in
1006 3100 1152 3164 quorum
1177 3085 1364 3145 curvatura

219 3204 384 3270 coincidit
400 3204 437 3269 in
454 3211 583 3291 puncto
600 3203 748 3291 angulus
765 3204 972 3270 intrinsecus
988 3211 1023 3270 et
1039 3204 1266 3290 extrinsecae,
1285 3228 1363 3273 aeu-

220 3337 276 3395 tus
295 3338 330 3394 et
350 3338 473 3395 rectus.

309 3455 426 3522 Unum
460 3454 785 3537 coordinatione,
823 3477 890 3540 qna
925 3455 1060 3522 ratione
1092 3457 1208 3522 omnia
1241 3457 1363 3523 mundi

152 3578 195 3642 ⁶25
219 3580 387 3665 membra,
408 3581 489 3666 quia
511 3582 547 3646 in
566 3581 722 3646 ordinem
742 3603 848 3647 unum
869 3582 1083 3669 conspirant,
1104 3604 1212 3649 uuum
1236 3584 1363 3650 conati·

219 3713 324 3773 tuunt
342 3706 552 3773 uuiversum.

308 3831 508 3899 Notandum
528 3833 618 3899 circa
642 3833 731 3899 hauc
755 3841 906 3901 statuam
925 3840 960 3899 et
983 3834 1068 3900 aliae
1093 3833 1181 3899 illud
1201 3833 1293 3921 quod
1311 3842 1364 3900 est

219 3956 275 4022 hio
294 3957 657 4044 animadvertendum,
677 3982 746 4025 uon
763 3960 874 4026 solum
891 3982 953 4026 nos
972 3959 1037 4025 hoc
1055 3982 1198 4026 numero
1218 3959 1361 4025 investi·

217 4104 300 4168 garo
319 4091 354 4148 et
373 4085 588 4151 considerare
606 4108 705 4172 posse
724 4091 827 4172 atque
846 4086 970 4152 debore
989 4086 1107 4153 modos
1131 4093 1236 4172 atque
1257 4086 1362 4154 ratio·

150 4217 195 4280 30
218 4232 291 4291 nea,
313 4210 437 4295 quibus
457 4234 564 4277 unum
581 4212 722 4293 dicitur,
743 4211 921 4279 sedetiam
938 4212 1025 4278 illud
1044 4220 1095 4278 est
1115 4221 1231 4278 mente
1252 4212 1362 4278 conci-

310 4455 483 4519 'tuusquem
497 4453 528 4502 M
591 4456 620 4504 1³
637 4454 786 4519 cytharam
800 4455 858 4506 all!
919 4457 950 4506 16
968 4454 1190 4521 manipulumM

355 4566 431 4606 Bnuur
450 4569 504 4615 opp.
520 4568 560 4605 lot.
576 4567 619 4607 111.
1187 4571 1200 4609 a
