3488 5108
1413 423 1419 434 ,
1452 381 1509 440 641

446 556 571 616 Falsum
589 574 658 615 esse
675 554 798 615 videtur
815 552 897 630 quod
915 551 1069 612 vinculum
1090 573 1108 612 a
1126 560 1210 613 certa
1228 553 1431 613 membrorum
1450 573 1512 613 om·

365 665 448 724 nium
469 664 667 743 proportione
688 661 901 740 proficiscatur
927 681 995 721 cum
1018 661 1151 721 colorum
1174 661 1340 736 suavitate;
1360 660 1365 742 Ι
1383 662 1464 739 qnod
1485 662 1512 721 si

367 781 450 834 esset
467 791 584 848 verum,
602 771 687 832 aiunt
703 769 869 847 Platonici,
886 769 971 830 solae
984 788 1035 830 res
1050 770 1238 848 compositae
1253 768 1417 847 vincirent,
1432 789 1512 830 nuno

366 891 468 943 autem
489 880 556 960 puri
576 879 709 954 colores,
729 898 791 938 vox
810 897 883 954 una,
903 877 908 958 Ι
926 876 1030 954 fulgor
1054 877 1133 953 auri,
1157 877 1278 955 argenti
1300 878 1415 939 candor
1433 924 1512 942 ......

322 983 342 1046 5
366 988 416 1048 Nil
436 987 526 1047 citius
544 986 658 1045 labitur
671 991 704 1045 et
718 983 852 1046 senescit
866 1004 955 1060 quam
972 983 1184 1062 pulchritudo,
1203 983 1246 1044 nil
1264 984 1382 1044 tardius
1400 1004 1489 1061 quam
1508 985 1512 1066 Ι

365 1095 477 1172 figuram
497 1114 556 1153 non
571 1113 646 1171 ergo
660 1093 741 1153 idem
760 1092 955 1170 pulchritudo
971 1100 1003 1152 et
1020 1092 1174 1152 vinculum
1192 1090 1273 1168 quod
1290 1091 1404 1171 figura,
1422 1093 1513 1153 immo

366 1209 398 1262 et
414 1207 555 1262 manente
573 1199 680 1261 eadem
702 1198 929 1278 pulchritudine
951 1205 982 1259 et
1000 1199 1005 1279 Ι
1023 1198 1123 1276 figura
1138 1199 1288 1278 praeterit
1303 1219 1399 1276 amor,
1418 1209 1452 1259 nt
1465 1219 1514 1259 ac·

366 1307 442 1369 cidit
458 1306 640 1385 quibusdam
657 1315 729 1385 post
746 1305 923 1366 fruitionem
939 1306 985 1365 rei
1000 1312 1129 1368 amatae.
1149 1306 1311 1368 Vinculum
1328 1327 1400 1384 ergo
1419 1316 1468 1368 est
1484 1308 1514 1366 in

366 1417 496 1493 quadam
519 1416 525 1497 Ι
547 1415 761 1474 convenientia
782 1434 840 1474 non
863 1421 982 1474 tantum
1004 1415 1210 1474 membrorum
1232 1414 1435 1490 adinvicem,
1459 1415 1514 1475 sed

302 1525 344 1590 10
366 1534 398 1585 et
415 1527 446 1584 in
464 1523 595 1602 quedam
620 1522 771 1601 rapientis
792 1529 824 1582 et
846 1523 928 1601 rapti
952 1522 1227 1601 condispositione,
1247 1524 1251 1602 Ι
1279 1532 1313 1582 nt
1336 1523 1380 1583 ita
1404 1522 1512 1584 dicum.

367 1631 556 1709 Quandoque
574 1631 654 1690 euim
671 1630 730 1690 etsi
748 1629 791 1688 nil
804 1630 973 1690 habeamus
990 1629 1020 1688 in
1038 1649 1097 1689 una
1112 1630 1214 1709 puella
1230 1628 1310 1706 quod
1328 1630 1447 1691 ratione
1465 1651 1511 1690 er-

366 1761 510 1819 gunmns,
533 1741 563 1799 in
585 1739 645 1799 alia
668 1758 740 1799 vero
763 1738 864 1817 plura,
886 1739 890 1818 Ι
909 1737 1054 1816 displicet
1075 1746 1175 1799 tamon
1198 1737 1251 1797 illa
1269 1747 1301 1798 et
1321 1738 1381 1798 ieta
1400 1738 1510 1818 placet.

367 1848 459 1909 Color
475 1849 549 1908 item
567 1868 622 1927 per
640 1867 673 1908 se
690 1866 751 1906 non
765 1846 874 1921 vincit;
894 1846 1005 1905 clarior
1020 1846 1100 1906 enim
1117 1847 1148 1906 in
1165 1847 1285 1908 seniore
1304 1853 1308 1924 Ι
1328 1847 1509 1926 despicitur,

366 1956 524 2017 remissior
540 1954 571 2014 in
589 1953 706 2015 iuniore
726 1952 830 2014 vincit.

299 2059 341 2124 15
445 2064 515 2124 Non
529 2062 614 2124 color
628 2083 735 2143 purus,
750 2071 785 2122 ut
799 2063 920 2122 omniuo
936 2063 1038 2141 albus,
1054 2064 1175 2124 omnino
1189 2063 1290 2141 niger,
1307 2064 1362 2124 sed
1379 2065 1509 2138 mixtus;

365 2193 426 2231 non
444 2192 503 2232 vox
521 2170 662 2253 simplex,
690 2177 724 2230 ut
750 2178 840 2231 acuta
865 2171 915 2231 vel
941 2170 1059 2249 gravis,
1084 2171 1140 2231 sed
1160 2171 1273 2246 media;
1293 2190 1352 2230 non
1371 2191 1430 2230 una
1448 2191 1511 2231 our·

365 2290 453 2342 rente
470 2288 544 2340 nota
558 2280 609 2340 vel
627 2288 713 2357 tono,
736 2279 792 2339 sed
810 2280 958 2359 pluribus.

445 2385 567 2446 Nodum
577 2386 669 2446 istum
681 2385 806 2447 difficile
820 2394 870 2447 est
884 2387 1038 2463 invenire;
1052 2387 1122 2447 ideo
1134 2407 1193 2447 non
1207 2386 1297 2447 facile
1312 2395 1360 2449 est
1374 2388 1506 2448 solvere.

445 2491 608 2553 Vinculum
634 2493 711 2570 ligat
738 2493 880 2572 spiritum
908 2494 1039 2555 maxime
1066 2513 1121 2573 per
1147 2495 1260 2571 visum,
1279 2493 1429 2570 anditum,
1453 2514 1508 2573 per

299 2601 343 2666 20
365 2597 624 2677 imaginationem.

443 2705 606 2767 Vinculum
623 2705 776 2783 quoddam
793 2713 915 2783 gratnm
932 2705 1046 2780 vincto,
1067 2703 1222 2781 quoddam
1243 2706 1409 2784 ingratum,
1428 2707 1509 2768 sicut

364 2832 423 2888 quo
441 2812 520 2872 bubo
539 2812 634 2871 trahit
651 2812 838 2889 mustellam,
858 2813 949 2891 lupus
967 2811 1085 2873 detinet
1103 2821 1175 2890 etc.;
1197 2813 1345 2895 inculbus
1366 2814 1506 2894 spiritum

364 2920 558 2996 rationalem,
582 2920 710 2981 daemon
732 2941 969 2999 energumenum
996 2929 1125 3000 occupat
1151 2930 1222 3001 eto,
1246 2923 1346 2999 gallus
1373 2922 1505 3001 leonem,

364 3028 459 3105 mugil
476 3027 588 3088 navim.

297 3145 340 3209 25
444 3134 606 3195 Vinculum
622 3154 682 3194 non
699 3135 782 3213 rapit
799 3134 929 3196 animam
950 3136 1010 3197 nisi
1031 3136 1109 3215 liget
1127 3138 1318 3215 vinciatqn03
1340 3137 1425 3197 illam
1446 3157 1506 3197 non

363 3242 473 3318 vincit,
497 3241 556 3302 nisi
580 3242 741 3320 perveniat
758 3242 798 3301 ad
819 3243 933 3321 ipsam;
957 3263 1017 3303 non
1036 3245 1040 3324 Ι
1059 3245 1213 3323 pervenit,
1236 3245 1294 3305 nisi
1322 3264 1378 3323 per
1405 3245 1506 3320 aliqua

362 3347 509 3426 rapiatur.
531 3348 678 3409 Pervenit
695 3368 750 3426 per
768 3349 973 3426 cognitionem
995 3349 1025 3410 in
1042 3370 1167 3427 genere,
1186 3350 1265 3427 ligat
1284 3369 1340 3430 per
1362 3350 1505 3412 affectum

362 3457 392 3516 in
410 3477 536 3534 genere,
555 3459 561 3535 Ι
579 3457 675 3517 trahit
692 3478 747 3537 per
768 3456 1004 3520 delectationem
1025 3461 1056 3520 in
1073 3480 1195 3538 genere.
1219 3461 1382 3539 ‘Cognitio
1403 3461 1435 3520 in
1452 3480 1506 3539 ge·

363 3565 455 3623 nere*
479 3562 622 3642 dicimus,
640 3565 711 3642 quia
737 3565 900 3642 aliquando
928 3566 1081 3628 nescimus
1108 3586 1166 3643 quo
1195 3586 1288 3628 sensu
1315 3567 1478 3646 rapiamur.
1499 3567 1503 3636 Ι

295 3673 339 3736 30
361 3669 441 3730 Item
459 3678 604 3750 expertus
626 3691 693 3732 sum
709 3692 813 3733 amere
834 3673 915 3750 quod
932 3673 1049 3751 andivi,
1069 3681 1100 3733 et
1117 3674 1229 3735 absens
1247 3682 1278 3735 et
1298 3673 1337 3736 de
1354 3695 1415 3734 non
1431 3684 1504 3736 nota

361 3780 463 3858 specie
480 3783 584 3842 nescio
599 3782 750 3859 quomodo
764 3784 952 3865 deperibam.
971 3784 1021 3844 ‘In
1038 3798 1165 3863 genere’
1184 3786 1189 3865 Ι
1208 3786 1342 3864 inquam,
1361 3786 1431 3862 quia
1448 3804 1504 3864 per

453 4142 860 4208 lvinculum1pulohrumllr¹
924 4143 941 4192 4
955 4178 1035 4193 ......
1039 4143 1272 4207 Jforreeimiliat
1334 4142 1505 4210 letfiguru]

361 4223 505 4287 cssfigura
524 4223 576 4273 Br¹
640 4226 668 4274 ll
691 4223 805 4274 ratione
821 4221 1038 4273 nell’interlinec
1057 4222 1099 4272 Br
1162 4224 1202 4275 15.
1212 4225 1242 4274 17
1263 4222 1291 4273 iu
1309 4238 1395 4287 marp.
1420 4240 1438 4272 c
1461 4239 1501 4274 vo.

361 4306 378 4352 2
390 4320 444 4367 sqq.
454 4304 497 4354 Br
560 4305 599 4355 19.
608 4305 641 4355 20
653 4309 717 4354 tutto
731 4303 875 4354 cancellato
890 4303 931 4369 (in
944 4301 1019 4354 niodo
1031 4303 1068 4354 dc
1080 4320 1135 4354 nnn
1148 4303 1250 4354 luscicr
1263 4303 1324 4354 berre
1338 4302 1503 4354 riconoacere

361 4385 495 4448 luparolo
512 4384 619 4448 visum,
637 4384 781 4449 auditum)
799 4382 856 4444 Br,
879 4400 923 4434 ma
939 4383 975 4447 cf.
994 4399 1026 4447 p.
1051 4385 1139 4446 669,6
1202 4385 1234 4435 ’ὶὶ
1250 4385 1384 4436 mustella
1405 4382 1442 4435 sic
1460 4384 1502 4433 Br

360 4466 390 4516 25
406 4465 491 4532 repit]
505 4465 578 4530 ligat
593 4466 643 4516 Br¹
707 4465 789 4530 liget]
804 4465 861 4532 lige
875 4464 918 4514 Br

494 4558 572 4602 Binum
587 4560 641 4610 Ορρ.
655 4560 695 4600 lut.
710 4559 753 4599 111.
1315 4559 1341 4598 81
