3488 5108
752 400 892 445 menam
913 400 1016 446 anm

684 830 758 904 us
804 829 1081 941 nucumve.

398 1196 588 1279 Postquam
598 1194 806 1280 perfecimus
818 1199 1008 1260 tractatum
1024 1193 1066 1259 de
1083 1193 1284 1280 regionibus
1297 1193 1466 1259 sanitatis

308 1327 342 1385 et
361 1319 606 1407 aegritudinis,
626 1320 663 1384 in
688 1341 835 1404 quarum
854 1319 1040 1385 latitudine
1064 1319 1176 1385 omnis
1200 1317 1331 1384 sanitas
1354 1324 1391 1383 et
1410 1317 1466 1383 in-

307 1447 452 1512 firmitas
469 1446 707 1527 constituitur;
725 1467 868 1532 corpora
885 1445 977 1510 enim
997 1445 1158 1511 caelestia
1174 1465 1233 1509 seu
1248 1442 1465 1509 universalia

264 1587 285 1647 5
308 1578 466 1654 naturae,
482 1571 574 1636 ultra
593 1571 686 1657 ipsas
705 1576 740 1636 et
754 1578 861 1653 extra,
878 1569 1064 1636 sanitatem
1080 1573 1115 1634 et
1131 1568 1371 1634 infirmitatem
1387 1589 1465 1633 non
1489 1560 1493 1573 '

307 1696 490 1778 inducunt;
508 1695 668 1780 quocirca
685 1696 714 1760 si
729 1695 886 1760 infirmus
901 1700 953 1760 est
971 1694 1157 1778 curandus,
1176 1692 1270 1759 infra
1284 1715 1341 1759 eas
1359 1715 1468 1759 cura·

308 1823 412 1886 bitur.
427 1822 576 1887 Proinde
588 1821 692 1887 horae
705 1821 822 1886 diurni
835 1821 955 1886 circuli
969 1827 1103 1887 motum
1115 1821 1250 1886 nullum
1264 1827 1360 1886 extra
1373 1820 1465 1886 istae

308 1946 508 2011 admittunt.
529 1946 576 2010 Et
595 1945 883 2031 quemadmodum
909 1967 1032 2032 corpus
1048 1946 1249 2033 diaphanon
1268 1967 1330 2032 pro
1348 1944 1467 2012 diver-

308 2093 423 2136 sorum
442 2072 593 2137 colorum
618 2071 810 2137 obiectione
829 2071 1058 2137 diversimode
1077 2071 1264 2155 coloratur,
1280 2070 1465 2158 speculum

245 2210 286 2271 10
308 2197 400 2261 idern
416 2196 560 2263 diversis
574 2196 695 2283 figuris
711 2197 814 2262 rectis
831 2203 866 2262 et
882 2197 1032 2283 obliquis
1051 2195 1272 2280 informatur,
1291 2205 1349 2262 aer
1365 2197 1464 2262 simi·

308 2323 388 2387 liter
404 2346 424 2387 a
439 2323 515 2388 luce
531 2328 566 2387 et
580 2323 733 2388 tenebris
752 2322 843 2387 idem
857 2329 1028 2404 actuatur;
1043 2322 1093 2386 sic
1108 2322 1305 2408 praedictae
1317 2321 1461 2389 eaedem

298 2446 464 2532 ‚regiones
481 2449 579 2512 iuxta
597 2446 749 2513 diversas
763 2470 943 2547 corporum
956 2456 1176 2514 externorum
1189 2447 1388 2514 influentias
1404 2448 1461 2514 di·

307 2573 498 2639 versimode
520 2572 771 2660 disponuntur,
795 2579 830 2638 et
856 2573 1118 2661 dispositionem
1140 2573 1292 2660 corporis
1311 2572 1461 2639 humani

307 2698 482 2782 indicant,
495 2699 680 2784 designant
695 2705 730 2764 et
747 2698 926 2764 definiunt.
944 2698 1025 2765 Ideo
1042 2698 1195 2764 medicus
1214 2720 1270 2764 eas
1286 2706 1460 2784 tanquam

245 2842 284 2902 ιζ)
307 2823 482 2909 speculum
504 2845 617 2887 coram
642 2824 749 2889 oculis
773 2824 898 2889 habere
922 2824 1035 2908 debet,
1056 2830 1090 2888 et
1109 2823 1208 2889 iuxta
1228 2846 1347 2889 earum
1365 2823 1458 2889 indi-

308 2949 397 3013 cium
418 2949 615 3013 morborum
640 2972 774 3032 causae,
796 2950 967 3036 principia
987 2957 1021 3014 et
1039 2949 1208 3014 elementa
1232 2949 1456 3035 investigare.

397 3077 553 3152 Quatuor
573 3076 782 3162 generaliter
802 3076 907 3142 febris
931 3077 1061 3163 species
1081 3076 1314 3158 adducuntur,
1335 3099 1459 3142 secun·

307 3203 388 3266 dum
409 3201 500 3287 quod
520 3201 557 3265 in
581 3200 720 3267 homine
740 3211 887 3287 quatuor
907 3210 987 3268 sunt
1012 3204 1209 3289 qualitateS,
1231 3227 1352 3290 nempe
1377 3227 1459 3269 oon-

306 3326 656 3411 ti111a,‹piotidiana,
684 3328 845 3410 tertiana,
878 3337 1056 3414 quartana.
1089 3328 1272 3405 Quaelibet
1300 3330 1458 3415 ipsarum

242 3466 285 3529 20
308 3475 404 3516 suani
424 3452 529 3517 habet
547 3452 737 3537 regionem,
758 3453 847 3518 sicut
866 3454 1018 3519 tertiana
1036 3461 1208 3520 tractatur
1230 3478 1291 3541 per
1315 3455 1458 3521 domum

308 3576 383 3658 BF,
404 3577 569 3642 contiuua
587 3600 649 3662 per
666 3577 805 3643 domum
822 3578 898 3660 Aa,
917 3579 1120 3663 quotidiana
1138 3603 1201 3667 per
1217 3581 1356 3646 domum
1371 3581 1456 3664 DH,

314 3752 434 3758 .—---
442 3752 486 3757 ——
496 3752 829 3759 -—-———-.-.—-.-

400 3845 423 3891 2.
435 3845 448 3891 7
465 3843 502 3891 sic
511 3843 552 3891 M:
570 3844 687 3894 Dictum
701 3851 745 3894 est
756 3846 789 3893 de
803 3847 971 3908 regionibus
985 3847 1120 3896 sanitatis
1132 3853 1161 3896 et
1174 3844 1361 3909 infirmitatiS,
1373 3862 1457 3911 pree-

308 3929 353 3972 tcr
364 3940 435 3988 quas
451 3924 530 3972 nulla
542 3924 652 3973 sanitas
669 3932 698 3973 et
716 3924 869 3976 infirmitas
884 3942 946 3976 esse
959 3933 1066 3992 potest,
1083 3942 1116 3976 eo
1129 3928 1197 3992 quia
1214 3933 1283 3977 eunt
1301 3927 1335 3975 ad
1352 3943 1455 3977 omnes

308 4005 441 4059 rosiones
457 4005 607 4066 generales
625 4012 711 4070 atque
726 4021 845 4070 corpora
864 4009 1001 4057 coelestia
1017 4023 1075 4057 non
1100 4014 1222 4071 possunt
1239 4021 1357 4056 causare
1375 4007 1456 4058 infir-

309 4085 437 4132 mitatem
454 4099 545 4148 neque
557 4085 711 4134 sanitatem
725 4087 802 4135 ultra
812 4088 896 4150 istas,
908 4089 971 4138 ideo
982 4089 1006 4138 si
1019 4089 1152 4137 infirmus
1166 4087 1261 4138 curari
1272 4088 1363 4151 debet,
1376 4087 1457 4139 infra

1075 4172 1145 4211 horno

309 4217 619 4267 casestcurabilislir
682 4219 949 4284 dipsasaaetlrt
1013 4221 1201 4272 tii-saal!
1261 4224 1292 4271 14
1309 4220 1422 4272 innanzi
1435 4242 1455 4273 a

308 4298 462 4360 designant
482 4297 601 4347 cancella
623 4306 652 4348 ct
671 4301 824 4359 designent
844 4302 987 4353 definiunt
1009 4303 1040 4352 Μ
1101 4303 1133 4352 15
1149 4318 1260 4367 semper
1282 4309 1381 4353 tenere
1407 4303 1456 4354 de-

308 4381 356 4426 bet
374 4378 415 4424 Ba·
478 4379 517 4425 15.
528 4379 558 4427 lo*
575 4378 713 4428 iudiciuin
728 4381 781 4430 Bt:
799 4383 938 4432 iudicium
952 4384 982 4432 l!
1043 4385 1074 4432 lG
1092 4383 1267 4448 investigare
1284 4384 1372 4449 <quod
1388 4384 1453 4435 fieri

308 4466 404 4527 potest
417 4474 467 4523 per
481 4465 570 4508 artem
587 4461 669 4509 modo
685 4463 733 4526 qui
747 4462 890 4529 sequitur)
905 4464 947 4513 Br
