3488 5108
617 433 748 478 usuras
768 432 926 480 rarorum
947 432 1157 479 srnrvanvn.
1422 421 1460 481 19

317 591 454 653 tantum
466 587 595 654 bonum
612 610 698 676 opus
714 588 874 654 immensi
890 589 1045 655 universi
1061 613 1081 654 a
1098 597 1207 655 matre
1225 590 1333 657 Nocte
1352 600 1387 656 et
1403 615 1461 679 pa·

316 718 369 776 tre
388 711 480 777 Luce
499 713 722 799 progenitum
741 723 801 778 est.

404 835 486 901 XII.
503 837 642 903 Dicitur
658 860 808 922 caecum,
824 839 1015 924 confusum,
1029 840 1110 926 quia
1125 840 1257 905 nullam
1273 840 1378 906 habet
1394 841 1462 905 for-

315 983 407 1027 mam
423 969 458 1026 et
473 963 717 1049 figurationem
732 971 767 1028 et
783 965 1118 1050 cognoscibilitatem
1135 972 1397 1052 consequenter,
1415 989 1458 1032 ne

270 1091 292 1154 5
315 1094 452 1174 epatre
471 1087 583 1154 Chaos
602 1089 788 1175 degeneret
806 1088 907 1154 filius.

403 1212 504 1278 XIII.
525 1213 578 1279 Ne
597 1214 670 1300 ipse
690 1213 829 1299 quidem
853 1214 906 1279 sui
925 1237 1063 1280 sensum
1084 1216 1386 1303 cognitionemque
1406 1241 1458 1283 re·

313 1341 424 1406 tinere
442 1347 569 1428 potest,
590 1342 695 1407 immo
715 1350 750 1408 et
768 1342 879 1407 omnis
893 1341 1139 1408 insensationis
1154 1351 1188 1407 et
1205 1343 1391 1410 oblivionis
1407 1352 1459 1410 est

312 1472 419 1552 typus
443 1473 478 1531 et
501 1466 794 1553 susceptaculuin;
815 1466 906 1532 unde
930 1467 974 1531 ad
997 1467 1110 1553 ipsum
1135 1466 1241 1533 fluere
1261 1474 1295 1533 et
1319 1468 1458 1556 abipso

313 1590 461 1657 defluere
479 1591 650 1658 Lethaeus
670 1591 796 1657 fluvius
815 1591 1043 1679 praedicatur.

247 1727 291 1790 10
401 1715 498 1783 XIV.
530 1716 651 1783 Omnis
681 1717 932 1783 vicissitudinis
969 1717 1180 1803 intelligitur
1210 1741 1284 1783 csse
1313 1741 1454 1806 parans,

312 1841 589 1927 quandoquidem
622 1843 695 1908 eius
725 1842 932 1929 privationis
961 1841 1077 1907 omnia
1104 1844 1246 1908 umbrae
1278 1851 1313 1909 et
1345 1843 1457 1910 Chaos

311 1966 512 2054 partieipia,
538 1968 636 2052 quasi
660 1976 817 2032 materna
836 1966 984 2052 quadam
1003 1967 1186 2032 allectione
1209 1968 1456 2055 intelliguntur

311 2114 382 2157 esse
417 2091 561 2175 infecta;
594 2093 710 2158 omnia
740 2091 869 2157 etenim
893 2115 935 2158 ex
958 2092 1022 2157 hoc
1045 2091 1219 2179 principio
1243 2095 1359 2160 omnia
1383 2118 1455 2161 essa

310 2216 518 2301 desiderant,
543 2241 585 2283 ex
608 2218 756 2304 singulis
779 2217 923 2304 inquam
947 2217 1034 2283 nihil
1059 2225 1111 2283 est
1136 2218 1228 2303 quod
1252 2225 1363 2285 totum
1383 2244 1455 2285 esse

244 2349 286 2413 15
309 2364 379 2409 non
398 2343 632 2430 concupiscat,
650 2342 927 2428 quandoquidem
941 2341 1083 2408 Orcicus
1103 2342 1268 2430 appulsus
1284 2352 1318 2408 et
1335 2343 1454 2410 Noctis

309 2467 401 2535 filiae
420 2490 556 2534 omnam
577 2469 711 2533 finitam
730 2475 765 2533 et
783 2468 1048 2535 determinatam
1072 2452 1185 2534 lucem
1208 2475 1390 2557 respuunt,
1410 2493 1453 2535 ne

309 2602 589 2682 aprotoparente
608 2594 719 2660 Chaos
743 2595 951 2681 degenerare
971 2595 1163 2660 videantur.

396 2720 474 2786 XV.
497 2720 595 2786 Sicut
614 2743 738 2807 parens
757 2720 869 2786 Chaos
893 2744 935 2784 ex
958 2743 1027 2785 una
1049 2728 1148 2806 parte
1172 2732 1251 2807 eget
1275 2722 1449 2806 omnibus,

307 2845 357 2909 ita
376 2845 449 2912 eius
468 2846 583 2932 neptis
603 2846 679 2910 Nox
699 2846 835 2931 quaerit
854 2845 984 2924 omnia3
1010 2845 1047 2909 in
1071 2845 1183 2909 medio
1204 2854 1256 2910 est
1276 2847 1367 2912 filius
1393 2846 1452 2913 Or-

240 2972 285 3036 20
308 2991 367 3035 cus
387 2979 554 3057 appetens
574 2969 699 3035 omnia.

395 3095 491 3161 XVI.
523 3095 621 3161 Siout
646 3095 757 3159 Chaos
786 3118 849 3159 nec
879 3104 1037 3160 movetur
1067 3118 1178 3181 neque
1202 3106 1451 3182 consequenter

305 3220 410 3286 habet
432 3221 471 3286 in
495 3244 562 3306 quo
582 3220 816 3305 conquiescat,
848 3244 911 3285 nec
941 3228 1072 3286 motum
1093 3244 1204 3306 neque
1224 3222 1375 3306 quietem
1399 3246 1451 3288 co

305 3347 442 3433 gnoscit
465 3353 587 3431 (noque
612 3346 704 3410 enim
734 3346 909 3411 immobile
934 3346 1111 3431 quiescens
1135 3346 1204 3411 dici
1232 3354 1371 3433 potest),
1399 3347 1449 3413 ita

306 3472 413 3540 Oreus
431 3472 563 3537 indicat
580 3473 745 3558 quictcm;
761 3473 834 3537 eius
858 3472 951 3536 eninr
974 3472 1142 3537 desiderio
1168 3496 1187 3536 e
1212 3494 1247 3536 se
1271 3472 1345 3559 ipso
1370 3495 1447 3560 spo·

238 3596 282 3660 25
305 3599 384 3664 lieri
413 3620 482 3663 nou
503 3600 507 3684 l
528 3599 605 3663 vult
624 3620 687 3663 nec
711 3598 798 3663 velle
823 3604 945 3683 potest.
977 3597 1054 3661 Nox
1083 3596 1234 3682 quietern
1258 3606 1293 3662 et
1318 3598 1444 3663 bonum
1473 3602 1591 3667 10”7ν

304 3723 534 3811 persequitur3
559 3732 593 3787 et
617 3723 699 3808 quia
724 3723 760 3787 in
784 3721 985 3808 particulari
1017 3745 1152 3808 semper
1175 3722 1314 3808 arripit,
1339 3722 1448 3788 veluti

305 3847 567 3935 indignabunda
597 3847 728 3927 abiicit;
749 3853 944 3932 totumque,
974 3846 1065 3931 quod
1090 3847 1193 3911 siurul
1222 3847 1259 3911 in
1289 3847 1448 3913 omnibus

304 3973 462 4060 partibus
503 3972 622 4037 haberi
666 3972 804 4057 nequit,
843 3995 904 4058 per
945 3994 1063 4036 ornnes
1101 3979 1216 4057 partes
1257 3973 1448 4038 successive

394 4224 408 4272 1
426 4221 594 4272 immensum
606 4221 636 4271 M
699 4224 747 4270 1.2
765 4229 794 4270 et
807 4229 886 4286 patre
898 4221 938 4269 M:
953 4232 982 4271 et
995 4222 1119 4270 matred
1185 4222 1216 4270 10
1232 4221 1342 4272 IVXIV
1353 4221 1412 4285 (sic)
1423 4223 1445 4272 A

305 4303 333 4352 17
350 4303 504 4353 videantur
514 4301 684 4367 (eorrctlotrl
735 4306 764 4351 19
781 4302 875 4366 neptis
886 4302 916 4351 r!
929 4318 1001 4352 corr.
1016 4301 1052 4351 rt:
1066 4317 1154 4366 nepos
1164 4303 1197 4350 21¹
1246 4303 1278 4351 23
1295 4304 1448 4367 quiescens

303 4383 413 4434 &scritto
419 4401 486 4449 poco
496 4383 677 4433 clrioramcnte
686 4384 715 4432 ia
724 4385 762 4431 A:
774 4400 820 4431 om.
828 4382 860 4431 M
904 4384 934 4432 2?
946 4383 1047 4432 abiicit
1059 4383 1117 4432 reci:
1131 4382 1262 4448 adjicitA
1275 4400 1280 4432 :
1293 4384 1406 4434 adiacet
1416 4384 1448 4434 M

303 4466 335 4515 28
345 4465 444 4517 haberi
458 4466 496 4516 A:
511 4464 615 4514 habere
630 4463 691 4513 bene
703 4464 735 4513 M
