3488 5108
373 370 410 429 12
808 380 948 432 mimam
969 384 1071 433 usum

371 546 410 606 ut
432 561 503 607 non
534 541 648 628 ipsum
682 540 848 607 ditescere
882 542 938 606 vel
965 541 1097 629 privari
1123 541 1274 628 intelligi
1299 542 1428 630 possit,
1453 542 1512 608 sed

373 667 504 755 inipso
524 666 668 733 divitiae
687 672 722 733 et
740 667 954 755 privationes
973 667 1195 755 recipiantur.

461 792 525 859 XI.
549 793 613 858 Est
641 792 813 880 quoddam
837 801 917 860 actu
942 794 1133 877 infinitum,
1161 815 1232 860 non
1257 801 1375 861 tamen
1398 802 1508 878 actus,

371 917 540 1002 quianon
559 924 612 983 est
629 918 691 983 lux
709 941 821 1005 neque
840 943 882 986 ex
900 920 977 985 luce
1001 919 1229 1007 compositum
1254 926 1289 986 et
1314 921 1438 1005 Nocte,
1454 943 1512 986 ne·

324 1058 345 1122 5
369 1064 436 1129 que
454 1049 507 1109 est
525 1044 682 1130 potentia
702 1044 801 1130 quasi
819 1045 995 1132 possibile,
1013 1045 1072 1111 sed
1088 1053 1140 1112 cst
1155 1046 1373 1113 verissimum
1392 1069 1511 1113 eorum

369 1192 457 1256 quae
474 1176 569 1254 sunt,
590 1169 682 1255 quod
701 1170 769 1236 nisi
788 1171 848 1254 sit,
869 1171 985 1237 nullus
1005 1171 1072 1236 erit
1090 1171 1199 1257 locus,
1219 1172 1352 1238 nullum
1373 1172 1440 1237 erit
1464 1172 1513 1238 lo·

368 1303 493 1361 catum.
514 1293 613 1362 Sicut
631 1303 747 1361 autem
765 1297 911 1362 materia
928 1319 986 1361 seu
1005 1296 1082 1361 Nox
1099 1304 1151 1363 est
1172 1320 1334 1364 numerus
1353 1297 1512 1364 infinitus

369 1420 557 1487 secundum
576 1420 841 1508 Pythagoricos,
859 1429 893 1488 et
912 1443 1036 1510 corpus
1052 1430 1104 1488 est
1119 1430 1194 1488 tum
1210 1421 1416 1509 magnitudo
1433 1445 1511 1489 cum

368 1569 532 1613 numerus
551 1546 724 1631 infinitus,
745 1549 827 1634 quia
845 1546 1023 1614 divisibile
1047 1556 1111 1633 cst,
1135 1550 1186 1614 ita
1210 1571 1358 1615 vacuum
1382 1549 1509 1615 estin·

303 1683 346 1747 10
367 1672 488 1739 finitae
511 1673 764 1760 magnitudinis
789 1696 898 1761 capax
921 1675 1089 1761 spatium,
1121 1697 1191 1741 non
1222 1675 1425 1762 magnitudo
1461 1675 1512 1740 in·

368 1784 488 1885 quam,
502 1797 561 1863 sed
573 1797 825 1885 magnitudinis
838 1801 1122 1888 susceptaculum,
1135 1799 1367 1885 individuum,
1379 1799 1510 1866 infiniti

368 1923 610 2012 susceptibilis.

457 2050 540 2115 XII.
567 2048 666 2128 Quod
696 2050 915 2136 divisionem,
947 2051 1207 2117 distinctionem
1237 2058 1272 2116 et
1299 2052 1408 2119 veluti
1441 2053 1508 2118 loci

368 2175 513 2263 recipiat
531 2174 758 2260 differentias,
778 2177 842 2242 hoc
860 2177 965 2242 habet
985 2201 1004 2243 a
1024 2198 1218 2264 corporum,
1236 2199 1323 2263 quae
1341 2177 1378 2242 in
1399 2199 1438 2243 eo
1458 2201 1511 2243 re-

303 2310 344 2374 15
369 2301 558 2389 cipiuntur‚
580 2302 585 2389 Ι
606 2300 815 2384 differentia;
835 2301 939 2367 habet
959 2308 993 2367 et
1012 2302 1300 2368 divisibilitatem.
1321 2302 1507 2369 Divisibile
1533 2311 1650 2374 1012ιρ

367 2427 459 2493 enim
477 2433 613 2514 oportet
629 2449 701 2493 esse
717 2434 899 2513 quantum,
918 2428 1094 2512 quantitas
1111 2428 1267 2513 sequitur
1289 2428 1345 2495 vel
1369 2429 1509 2495 comita-

366 2559 425 2618 tur
441 2552 622 2619 materiam
639 2575 698 2618 seu
714 2552 873 2637 Noctem,
886 2552 975 2619 hanc
990 2575 1061 2618 non
1076 2552 1263 2640 praecedit,
1278 2552 1337 2619 sed
1353 2554 1510 2640 sequitur

366 2678 605 2762 divisibilitas;
630 2677 739 2744 Orcus
764 2684 879 2744 autem
903 2686 937 2744 et
956 2679 1066 2745 Chaos
1092 2679 1202 2744 veluti
1228 2686 1382 2767 tempore
1405 2687 1509 2765 atque

367 2811 493 2870 natura
526 2805 718 2871 necessario
756 2803 1002 2891 intelliguntur
1031 2828 1104 2870 esse
1138 2812 1219 2870 ante
1248 2805 1407 2886 Noctem3
1432 2803 1509 2870 ideo

300 2943 345 3007 20
368 2930 582 2998 conditiones
615 2938 650 2995 et
682 2930 846 3010 rationes,
875 2952 1021 3016 quorum
1039 2930 1213 3018 principia
1240 2954 1299 2997 seu
1324 2929 1423 3012 haec,
1454 2931 1509 2996 val

367 3057 479 3145 primo
499 3063 581 3122 sunt
599 3057 637 3121 in
655 3056 722 3140 his,
743 3056 786 3122 ab
806 3056 1089 3122 antecedentibus
1109 3057 1300 3122 necessario
1325 3056 1509 3122 absolvun-

368 3190 434 3248 tur.
456 3182 567 3248 Chaos
584 3182 676 3248 enim
692 3181 780 3247 nihil
796 3181 891 3272 aliud
907 3189 958 3247 est
973 3190 1215 3269 praeterquam
1232 3181 1508 3268 susceptaculum

370 3331 551 3396 corporum
571 3308 901 3373 dimensionatorum
919 3307 1159 3391 divisibilium,
1181 3308 1217 3373 in
1238 3331 1305 3394 quc
1323 3309 1363 3373 fit
1383 3307 1507 3373 divisio

368 3443 403 3501 et
423 3435 546 3522 inquo
571 3441 623 3499 est
646 3432 821 3499 divisibile
844 3456 953 3498 omne.
984 3433 1123 3498 Etenim
1152 3456 1263 3519 neque
1291 3455 1391 3499 omne
1416 3432 1509 3518 quod

302 3569 345 3633 25
369 3562 474 3628 habet
496 3560 746 3627 dimensionem
770 3558 945 3625 divisibile
968 3565 1033 3643 est,
1056 3559 1125 3624 nisi
1149 3559 1194 3624 sit
1218 3559 1508 3646 corpus3di1nen-

369 3688 542 3754 sionatum
561 3688 654 3753 enim
671 3686 846 3753 divisibile
865 3687 930 3753 hoc
948 3693 1086 3752 tantum
1105 3693 1168 3770 est,
1189 3686 1430 3773 incorporeum
1448 3686 1509 3753 mi-

460 3961 476 4009 2
493 3921 609 4011 divitiis
623 3958 665 4009 M:
679 3959 797 4009 divitias
809 3960 832 4007 A
898 3960 928 4009 13
940 3976 994 4024 sqq.
1014 3960 1022 4008 i
1036 3957 1140 4009 cantuari
1156 3956 1227 4025 degli
1243 3958 1353 4010 articcti
1370 3960 1407 4009 cla
1419 3961 1479 4012 ΧΠ
1493 3979 1510 4009 a

368 4043 421 4094 XV
439 4059 503 4092 conc
523 4040 553 4092 in
575 4043 598 4090 A
618 4039 738 4100 rcrrctti,
754 4039 808 4091 ciel
825 4043 855 4091 12
871 4041 909 4091 da
925 4042 966 4101 13,
992 4043 1022 4092 13
1039 4041 1076 4090 (lo
1099 4043 1141 4106 14,
1163 4042 1193 4090 m
1207 4045 1279 4107 (tutte
1295 4060 1308 4091 c
1324 4043 1375 4092 duc
1392 4044 1509 4093 leccltc:

366 4142 397 4188 p.
413 4126 459 4185 13,
476 4125 516 4173 7c
532 4125 572 4187 11)
585 4123 622 4173 do
634 4124 676 4183 15,
692 4138 705 4171 e
719 4123 748 4172 15
762 4121 799 4171 da
812 4124 842 4172 16
854 4123 899 4188 (5³).
912 4123 945 4172 Io
959 4122 1002 4183 M,
1014 4123 1078 4173 (icoc
1090 4140 1143 4172 nou
1159 4122 1339 4187 {falsamente
1356 4123 1472 4187 ripctuto
1490 4122 1511 4173 il

367 4220 478 4254 numero
494 4203 563 4254 XIV
576 4221 589 4253 c
603 4203 667 4254 dove
678 4202 702 4252 si
713 4219 796 4253 acccc
812 4202 857 4269 piri
871 4202 891 4253 il
904 4203 1046 4271 vontapqic
1058 4202 1088 4254 di
1099 4221 1151 4254 uno
1166 4202 1208 4253 sui
1220 4204 1324 4254 nuviwri
1339 4204 1369 4255 di
1385 4204 1408 4253 A
1427 4206 1472 4266 (cf.
1494 4222 1511 4253 a

365 4303 396 4350 p.
408 4287 453 4346 10,
469 4288 485 4334 9
503 4287 585 4349 sqq),
606 4284 629 4333 il
650 4300 758 4334 cruciere
777 4286 856 4334 totale
877 4284 950 4349 depe·
969 4284 1078 4335 arlicoli
1093 4287 1195 4336 resulto
1217 4283 1247 4335 di
1267 4286 1352 4336 XXX
1357 4303 1367 4346 5
1386 4303 1429 4334 ma
1441 4286 1474 4349 rs.
1491 4303 1509 4334 a

364 4382 394 4429 p.
419 4366 497 4425 16,3
561 4365 590 4415 12
611 4365 788 4430 receptibilis
807 4365 838 4415 M
902 4366 931 4415 15
948 4366 1035 4416 habet
1059 4372 1088 4416 et
1112 4366 1323 4417 divisibilitatis
1345 4368 1459 4417 ratione
1480 4366 1510 4416 M

368 4449 400 4499 20
416 4463 468 4499 seu
481 4447 539 4512 (sic)
555 4445 591 4496 A:
605 4453 674 4498 sunt
684 4447 716 4496 M
