3488 5108
677 397 720 440 ou
740 397 854 442 nnuvu
877 397 1053 442 rumonus
1074 397 1144 442 uro.
1424 379 1481 437 541

343 554 502 619 volumen
522 553 677 618 extendit
707 554 866 640 pluribus
896 553 1012 619 verbis
1032 560 1066 617 et
1096 552 1222 617 minori
1247 574 1362 634 sensu,
1393 549 1483 635 quod

341 680 504 745 volumen
523 681 578 744 De
606 687 760 767 septem
788 679 1058 760 secundariis,
1090 677 1229 742 sirecte
1249 676 1403 756 memini,
1425 697 1484 741 no·

339 804 497 869 minavit.
518 803 584 868 Sed
603 803 645 868 de
664 803 727 868 hoc
747 803 889 869 videant
906 803 1104 890 prophetae.
1123 802 1191 879 Qui
1207 823 1288 866 vero
1307 801 1350 866 sd
1370 800 1482 886 magis

339 930 496 1017 proprios
507 937 604 995 ectus
614 937 781 1016 spectant,
792 928 943 1016 primum
957 929 1118 993 tribuunt
1128 927 1198 992 illis
1209 927 1483 993 vicissitudinem

296 1077 509 1140 bannorum
540 1054 715 1137 solarium,
740 1053 907 1140 ut‘primi
927 1052 1087 1118 dominus
1108 1053 1156 1118 sit
1187 1053 1231 1138 ἡ,
1250 1053 1397 1118 'secundi
1429 1053 1481 1135 Oi,

341 1181 436 1246 tertii
457 1182 493 1256 ἄ
512 1187 546 1245 et
570 1180 619 1244 ita
635 1178 805 1264 deinceps,
830 1177 895 1242 His
919 1176 1102 1243 ordinibus
1118 1177 1271 1242 succedit
1290 1178 1481 1243 dominium

340 1327 509 1371 annorum
537 1311 650 1370 motus
669 1303 802 1387 diurni,
828 1305 887 1390 qui
919 1326 1000 1369 sone
1020 1311 1134 1369 motus
1165 1302 1483 1369 denominationem

340 1430 485 1497 dominii
503 1439 539 1497 et
558 1430 740 1495 veritatem
759 1450 830 1494 non
849 1429 969 1494 eodem
989 1427 1170 1493 distribuit
1189 1428 1322 1512 ordine,
1338 1429 1397 1494 sed
1411 1429 1483 1516 plc-

340 1565 438 1623 netas
457 1556 507 1622 ita
526 1555 702 1621 ordinatos
722 1560 762 1619 ut
780 1562 860 1619 sunt
879 1554 917 1618 in
936 1553 1064 1618 circulo
1084 1551 1125 1618 A.

431 3653 447 3703 2
463 3651 641 3703 secundariis
658 3669 742 3715 sopra
758 3669 814 3701 uno
824 3649 929 3716 parata
946 3648 1094 3699 cancellata
1109 3649 1274 3715 (primitivis
1285 3650 1310 3715 i)
1326 3651 1360 3700 M
1421 3652 1483 3704 sin

338 3748 425 3797 morq.
443 3734 518 3795 Quis
531 3734 585 3782 hoo
600 3733 672 3784 fecit
687 3733 722 3783 od
741 3732 1023 3799 prognostiostiones
1040 3736 1169 3781 statuum
1180 3730 1216 3795 (ἲ)
1240 3739 1270 3781 et
1286 3734 1481 3798 imperiorum,

338 3816 488 3877 regionum
503 3819 533 3864 st
545 3815 690 3864 climatum
704 3815 800 3878 (olym.
816 3812 897 3878 cod),
909 3818 937 3862 ot
949 3812 1165 3862 vicissitudines
1177 3828 1346 3880 regnorum,
1358 3820 1391 3865 nt
1405 3821 1483 3866 corto

340 3894 523 3944 convincitur
537 3896 566 3944 in
581 3896 625 3944 his
638 3911 710 3960 quae
722 3901 870 3960 apparent,
890 3894 965 3960 quod
976 3893 1010 3956 (Ι)
1026 3896 1067 3943 itu
1084 3902 1162 3945 certo
1176 3895 1276 3946 ordino
1290 3903 1320 3946 et
1334 3895 1408 3946 serie
1424 3912 1483 3946 mu-

340 3980 441 4026 tantur
456 3976 588 4040 imperiu‚
605 3984 637 4026 ut
654 3992 689 4026 ox
704 3977 840 4026 memoria
854 3976 1001 4025 hominnm
1016 3991 1032 4023 s
1047 3975 1151 4040 quibus
1165 3975 1201 4040 (i)
1217 3979 1365 4041 perierunt
1377 3977 1481 4028 iteruin

339 4071 397 4106 non
417 4061 486 4105 sunt
507 4064 687 4120 recuperata,
711 4057 852 4123 siquidem
873 4058 943 4106 ordo
966 4057 1026 4121 ipso
1048 4060 1245 4119 successivus,
1268 4064 1422 4122 antequam
1447 4059 1483 4108 sd

338 4136 453 4187 eosdem
470 4144 634 4187 revertatur
652 4141 705 4187 ...ri
718 4138 809 4202 (forse
826 4138 954 4201 neeesse)
973 4144 1017 4187 est
1034 4145 1067 4188 ut
1084 4138 1211 4204 reliquos
1230 4153 1328 4189 omnes
1347 4155 1483 4189 numeros

339 4224 500 4282 percurrat,
520 4225 550 4267 et
566 4219 677 4269 interos
690 4216 827 4268 memoris
843 4219 958 4269 deletur
972 4234 1022 4284 per
1036 4234 1155 4283 magnes
1167 4219 1342 4270 mutationes
1357 4236 1483 4286 quaeso·

340 4299 440 4348 oidunt
457 4304 487 4349 ot
505 4299 669 4363 linguarum
691 4304 720 4350 et
740 4301 938 4350 characterum
956 4303 1072 4363 (caract.
1089 4300 1158 4365 cod.)
1173 4309 1202 4351 et
1215 4301 1358 4365 locorum,
1374 4316 1480 4363 mores,

340 4379 547 4441 desolationes,
566 4381 756 4442 cataclysmos
774 4381 967 4445 (cataclismus
991 4382 1060 4446 cod.)
1084 4387 1138 4434 etc.
1157 4381 1189 4431 M
1250 4384 1299 4433 eo
1315 4383 1483 4449 primi-so-

341 4460 426 4513 cundi
440 4452 655 4521 eim-Tim.
673 4461 702 4511 Μ
762 4464 779 4511 Γ)
795 4461 865 4528 dopo
877 4463 931 4512 His
945 4463 1063 4512 concello
1077 4479 1127 4513 suc
1141 4463 1174 4514 M
