<?xml version="1.0" encoding="UTF-8"?>
<!DOCTYPE html PUBLIC "-//W3C//DTD XHTML 1.0 Transitional//EN"
    "http://www.w3.org/TR/xhtml1/DTD/xhtml1-transitional.dtd">
<html xmlns="http://www.w3.org/1999/xhtml" xml:lang="en" lang="en">
 <head>
  <title>
</title>
<meta http-equiv="Content-Type" content="text/html;charset=utf-8" />
  <meta name='ocr-system' content='tesseract 3.04.00' />
  <meta name='ocr-capabilities' content='ocr_page ocr_carea ocr_par ocr_line ocrx_word'/>
</head>
<body>
  <div class='ocr_page' id='page_1' title='image "./jordanibruninol05brungoog_0141.png"; bbox 0 0 3488 5108; ppageno 0'>
   <div class='ocr_carea' id='block_1_1' title="bbox 281 340 983 421">
    <p class='ocr_par' dir='ltr' id='par_1_1' title="bbox 281 340 983 421">
     <span class='ocr_line' id='line_1_1' title="bbox 281 340 983 421; baseline 0.001 -1"><span class='ocrx_word' id='word_1_1' title='bbox 281 362 318 420; x_wconf 73' lang='lat'>72</span> <span class='ocrx_word' id='word_1_2' title='bbox 640 340 647 351; x_wconf 53' lang='lat'>⁸</span> <span class='ocrx_word' id='word_1_3' title='bbox 721 374 859 421; x_wconf 74' lang='lat' dir='ltr'>rounam</span> <span class='ocrx_word' id='word_1_4' title='bbox 880 373 983 420; x_wconf 82' lang='lat' dir='ltr'>aavm</span> 
     </span>
    </p>
   </div>
   <div class='ocr_carea' id='block_1_2' title="bbox 235 529 1426 1633">
    <p class='ocr_par' dir='ltr' id='par_1_2' title="bbox 235 529 1426 1633">
     <span class='ocr_line' id='line_1_2' title="bbox 279 529 1424 620; baseline 0.003 -24"><span class='ocrx_word' id='word_1_5' title='bbox 279 552 348 615; x_wconf 91' lang='lat' dir='ltr'>qua</span> <span class='ocrx_word' id='word_1_6' title='bbox 368 530 502 597; x_wconf 89' lang='lat' dir='ltr'>ratione</span> <span class='ocrx_word' id='word_1_7' title='bbox 521 531 633 598; x_wconf 88' lang='lat' dir='ltr'>tensio</span> <span class='ocrx_word' id='word_1_8' title='bbox 653 529 858 597; x_wconf 86' lang='lat' dir='ltr'>chordarum</span> <span class='ocrx_word' id='word_1_9' title='bbox 873 531 1087 619; x_wconf 90' lang='lat' dir='ltr'>principium</span> <span class='ocrx_word' id='word_1_10' title='bbox 1110 531 1271 618; x_wconf 86' lang='lat' dir='ltr'>musices,</span> <span class='ocrx_word' id='word_1_11' title='bbox 1290 531 1424 620; x_wconf 86' lang='lat' dir='ltr'>apertio</span> 
     </span>
     <span class='ocr_line' id='line_1_3' title="bbox 280 660 884 748; baseline 0.002 -24"><span class='ocrx_word' id='word_1_12' title='bbox 280 665 392 726; x_wconf 90' lang='lat' dir='ltr'>terrae</span> <span class='ocrx_word' id='word_1_13' title='bbox 411 660 622 748; x_wconf 87' lang='lat' dir='ltr'>principium</span> <span class='ocrx_word' id='word_1_14' title='bbox 641 660 884 748; x_wconf 73' lang='lat' dir='ltr'>agriculturae.</span> 
     </span>
     <span class='ocr_line' id='line_1_4' title="bbox 368 787 1424 876; baseline 0 -22"><span class='ocrx_word' id='word_1_15' title='bbox 368 789 503 856; x_wconf 78' lang='lat' dir='ltr'>XXIV.</span> <span class='ocrx_word' id='word_1_16' title='bbox 528 787 630 855; x_wconf 85' lang='lat' dir='ltr'>Sator</span> <span class='ocrx_word' id='word_1_17' title='bbox 649 793 730 854; x_wconf 90' lang='lat' dir='ltr'>ante</span> <span class='ocrx_word' id='word_1_18' title='bbox 751 810 889 856; x_wconf 91' lang='lat' dir='ltr'>currum</span> <span class='ocrx_word' id='word_1_19' title='bbox 908 788 964 854; x_wconf 88' lang='lat' dir='ltr'>vel</span> <span class='ocrx_word' id='word_1_20' title='bbox 981 788 1090 854; x_wconf 79' lang='lat' dir='ltr'>cervis</span> <span class='ocrx_word' id='word_1_21' title='bbox 1106 787 1260 855; x_wconf 88' lang='lat' dir='ltr'>insidens</span> <span class='ocrx_word' id='word_1_22' title='bbox 1277 788 1424 876; x_wconf 83' lang='lat' dir='ltr'>primam</span> 
     </span>
     <span class='ocr_line' id='line_1_5' title="bbox 279 913 1426 1003; baseline -0.002 -21"><span class='ocrx_word' id='word_1_23' title='bbox 279 915 416 1001; x_wconf 87' lang='lat' dir='ltr'>agentis</span> <span class='ocrx_word' id='word_1_24' title='bbox 435 914 672 1003; x_wconf 76' lang='lat' dir='ltr'>operationem</span> <span class='ocrx_word' id='word_1_25' title='bbox 692 920 727 980; x_wconf 90' lang='lat' dir='ltr'>et</span> <span class='ocrx_word' id='word_1_26' title='bbox 746 936 868 980; x_wconf 87' lang='lat' dir='ltr'>manus</span> <span class='ocrx_word' id='word_1_27' title='bbox 892 913 1139 998; x_wconf 87' lang='lat' dir='ltr'>admotionem,</span> <span class='ocrx_word' id='word_1_28' title='bbox 1160 920 1199 981; x_wconf 89' lang='lat' dir='ltr'>ut</span> <span class='ocrx_word' id='word_1_29' title='bbox 1223 922 1305 981; x_wconf 90' lang='lat' dir='ltr'>sunt</span> <span class='ocrx_word' id='word_1_30' title='bbox 1328 914 1426 1003; x_wconf 88' lang='lat' dir='ltr'>plan-</span> 
     </span>
     <span class='ocr_line' id='line_1_6' title="bbox 235 1039 1423 1128; baseline -0.002 -21"><span class='ocrx_word' id='word_1_31' title='bbox 235 1044 255 1107; x_wconf 79' lang='grc' dir='ltr'>ὅ</span> <span class='ocrx_word' id='word_1_32' title='bbox 279 1041 382 1123; x_wconf 90' lang='lat' dir='ltr'>tatio,</span> <span class='ocrx_word' id='word_1_33' title='bbox 401 1041 534 1125; x_wconf 88' lang='lat' dir='ltr'>insitio,</span> <span class='ocrx_word' id='word_1_34' title='bbox 554 1041 655 1126; x_wconf 87' lang='lat' dir='ltr'>satie,</span> <span class='ocrx_word' id='word_1_35' title='bbox 676 1039 843 1128; x_wconf 91' lang='lat' dir='ltr'>principii</span> <span class='ocrx_word' id='word_1_36' title='bbox 865 1041 1035 1106; x_wconf 88' lang='lat' dir='ltr'>rationem</span> <span class='ocrx_word' id='word_1_37' title='bbox 1060 1040 1233 1128; x_wconf 77' lang='lat' dir='ltr'>suscipere</span> <span class='ocrx_word' id='word_1_38' title='bbox 1257 1040 1423 1107; x_wconf 87' lang='lat' dir='ltr'>indicant.</span> 
     </span>
     <span class='ocr_line' id='line_1_7' title="bbox 368 1164 1423 1253; baseline -0.001 -21"><span class='ocrx_word' id='word_1_39' title='bbox 368 1166 485 1233; x_wconf 88' lang='lat' dir='ltr'>XXV.</span> <span class='ocrx_word' id='word_1_40' title='bbox 509 1167 643 1253; x_wconf 84' lang='lat' dir='ltr'>Equus,</span> <span class='ocrx_word' id='word_1_41' title='bbox 663 1167 701 1233; x_wconf 90' lang='lat' dir='ltr'>in</span> <span class='ocrx_word' id='word_1_42' title='bbox 721 1188 823 1252; x_wconf 91' lang='lat' dir='ltr'>quem</span> <span class='ocrx_word' id='word_1_43' title='bbox 843 1187 1026 1231; x_wconf 85' lang='lat' dir='ltr'>conversus</span> <span class='ocrx_word' id='word_1_44' title='bbox 1045 1165 1174 1232; x_wconf 88' lang='lat' dir='ltr'>dicitur</span> <span class='ocrx_word' id='word_1_45' title='bbox 1193 1164 1364 1233; x_wconf 87' lang='lat' dir='ltr'>Saturnus</span> <span class='ocrx_word' id='word_1_46' title='bbox 1383 1172 1423 1232; x_wconf 89' lang='lat' dir='ltr'>ut</span> 
     </span>
     <span class='ocr_line' id='line_1_8' title="bbox 277 1290 1422 1381; baseline -0.001 -22"><span class='ocrx_word' id='word_1_47' title='bbox 277 1292 412 1359; x_wconf 86' lang='lat' dir='ltr'>Rheam</span> <span class='ocrx_word' id='word_1_48' title='bbox 450 1298 639 1381; x_wconf 89' lang='lat' dir='ltr'>stupraret,</span> <span class='ocrx_word' id='word_1_49' title='bbox 674 1290 886 1379; x_wconf 89' lang='lat' dir='ltr'>principium</span> <span class='ocrx_word' id='word_1_50' title='bbox 919 1290 1097 1357; x_wconf 90' lang='lat' dir='ltr'>materiale</span> <span class='ocrx_word' id='word_1_51' title='bbox 1130 1291 1319 1377; x_wconf 85' lang='lat' dir='ltr'>significat,</span> <span class='ocrx_word' id='word_1_52' title='bbox 1356 1313 1422 1377; x_wconf 89' lang='lat' dir='ltr'>quo</span> 
     </span>
     <span class='ocr_line' id='line_1_9' title="bbox 278 1418 1217 1505; baseline -0.004 -19"><span class='ocrx_word' id='word_1_53' title='bbox 278 1420 472 1487; x_wconf 90' lang='lat' dir='ltr'>subiectum</span> <span class='ocrx_word' id='word_1_54' title='bbox 490 1418 582 1484; x_wconf 86' lang='lat' dir='ltr'>idem</span> <span class='ocrx_word' id='word_1_55' title='bbox 603 1418 757 1484; x_wconf 81' lang='lat' dir='ltr'>diversas</span> <span class='ocrx_word' id='word_1_56' title='bbox 776 1418 949 1505; x_wconf 87' lang='lat' dir='ltr'>suscipere</span> <span class='ocrx_word' id='word_1_57' title='bbox 968 1418 1061 1484; x_wconf 88' lang='lat' dir='ltr'>valet</span> <span class='ocrx_word' id='word_1_58' title='bbox 1078 1418 1217 1484; x_wconf 84' lang='lat' dir='ltr'>formas.</span> 
     </span>
     <span class='ocr_line' id='line_1_10' title="bbox 367 1545 1423 1633; baseline -0.002 -20"><span class='ocrx_word' id='word_1_59' title='bbox 367 1548 501 1614; x_wconf 89' lang='lat' dir='ltr'>XXVI.</span> <span class='ocrx_word' id='word_1_60' title='bbox 527 1547 559 1612; x_wconf 87' lang='grc' dir='ltr'>Α</span> <span class='ocrx_word' id='word_1_61' title='bbox 583 1547 665 1612; x_wconf 88' lang='lat' dir='ltr'>Iove</span> <span class='ocrx_word' id='word_1_62' title='bbox 689 1552 849 1612; x_wconf 88' lang='lat' dir='ltr'>mutuata</span> <span class='ocrx_word' id='word_1_63' title='bbox 873 1546 1077 1612; x_wconf 77' lang='lat' dir='ltr'>Amaltheae</span> <span class='ocrx_word' id='word_1_64' title='bbox 1101 1568 1224 1633; x_wconf 87' lang='lat' dir='ltr'>caprae</span> <span class='ocrx_word' id='word_1_65' title='bbox 1248 1545 1364 1633; x_wconf 89' lang='lat' dir='ltr'>pellis,</span> <span class='ocrx_word' id='word_1_66' title='bbox 1386 1546 1423 1611; x_wconf 93' lang='lat' dir='ltr'>in</span> 
     </span>
    </p>
   </div>
   <div class='ocr_carea' id='block_1_3' title="bbox 213 1671 1423 1762">
    <p class='ocr_par' dir='ltr' id='par_1_3' title="bbox 213 1671 1423 1762">
     <span class='ocr_line' id='line_1_11' title="bbox 213 1671 1423 1762; baseline -0.004 -20"><span class='ocrx_word' id='word_1_67' title='bbox 213 1679 256 1742; x_wconf 85' lang='lat'>10</span> <span class='ocrx_word' id='word_1_68' title='bbox 278 1697 346 1760; x_wconf 91' lang='lat' dir='ltr'>qua</span> <span class='ocrx_word' id='word_1_69' title='bbox 368 1674 519 1762; x_wconf 87' lang='lat' dir='ltr'>plurima</span> <span class='ocrx_word' id='word_1_70' title='bbox 548 1673 619 1740; x_wconf 90' lang='lat' dir='ltr'>sint</span> <span class='ocrx_word' id='word_1_71' title='bbox 653 1672 840 1759; x_wconf 86' lang='lat' dir='ltr'>descripta,</span> <span class='ocrx_word' id='word_1_72' title='bbox 870 1671 974 1737; x_wconf 88' lang='lat' dir='ltr'>aliam</span> <span class='ocrx_word' id='word_1_73' title='bbox 1001 1671 1167 1759; x_wconf 90' lang='lat' dir='ltr'>principii</span> <span class='ocrx_word' id='word_1_74' title='bbox 1200 1671 1423 1759; x_wconf 77' lang='lat' dir='ltr'>significatio</span> 
     </span>
    </p>
   </div>
   <div class='ocr_carea' id='block_1_4' title="bbox 211 1798 1562 3902">
    <p class='ocr_par' dir='ltr' id='par_1_4' title="bbox 278 1798 1423 2017">
     <span class='ocr_line' id='line_1_12' title="bbox 278 1798 1423 1887; baseline -0.003 -20"><span class='ocrx_word' id='word_1_75' title='bbox 278 1824 358 1867; x_wconf 90' lang='lat' dir='ltr'>nem</span> <span class='ocrx_word' id='word_1_76' title='bbox 376 1800 533 1882; x_wconf 87' lang='lat' dir='ltr'>denotat,</span> <span class='ocrx_word' id='word_1_77' title='bbox 554 1822 643 1884; x_wconf 90' lang='lat' dir='ltr'>quae</span> <span class='ocrx_word' id='word_1_78' title='bbox 661 1806 713 1865; x_wconf 88' lang='lat' dir='ltr'>est</span> <span class='ocrx_word' id='word_1_79' title='bbox 731 1820 794 1887; x_wconf 92' lang='lat' dir='ltr'>pro</span> <span class='ocrx_word' id='word_1_80' title='bbox 819 1798 978 1865; x_wconf 87' lang='lat' dir='ltr'>maximis</span> <span class='ocrx_word' id='word_1_81' title='bbox 1001 1798 1313 1886; x_wconf 84' lang='lat' dir='ltr'>propositionibus,</span> <span class='ocrx_word' id='word_1_82' title='bbox 1335 1819 1423 1884; x_wconf 87' lang='lat' dir='ltr'>quae</span> 
     </span>
     <span class='ocr_line' id='line_1_13' title="bbox 278 1927 1338 2017; baseline -0.005 -19"><span class='ocrx_word' id='word_1_83' title='bbox 278 1930 349 1998; x_wconf 90' lang='lat' dir='ltr'>sint</span> <span class='ocrx_word' id='word_1_84' title='bbox 369 1929 533 1997; x_wconf 70' lang='lat' dir='ltr'>scientiae</span> <span class='ocrx_word' id='word_1_85' title='bbox 552 1928 746 2015; x_wconf 81' lang='lat' dir='ltr'>proprium3</span> <span class='ocrx_word' id='word_1_86' title='bbox 767 1927 895 1993; x_wconf 90' lang='lat' dir='ltr'>etenim</span> <span class='ocrx_word' id='word_1_87' title='bbox 914 1928 1088 2016; x_wconf 86' lang='lat' dir='ltr'>principia</span> <span class='ocrx_word' id='word_1_88' title='bbox 1107 1928 1338 2017; x_wconf 89' lang='lat' dir='ltr'>appellantur.</span> 
     </span>
    </p>

    <p class='ocr_par' dir='ltr' id='par_1_5' title="bbox 277 2053 1424 2268">
     <span class='ocr_line' id='line_1_14' title="bbox 365 2053 1424 2141; baseline -0.002 -20"><span class='ocrx_word' id='word_1_89' title='bbox 365 2054 518 2121; x_wconf 91' lang='lat' dir='ltr'>XXVII.</span> <span class='ocrx_word' id='word_1_90' title='bbox 539 2054 650 2119; x_wconf 88' lang='lat' dir='ltr'>Draco</span> <span class='ocrx_word' id='word_1_91' title='bbox 667 2076 687 2119; x_wconf 89' lang='lat' dir='ltr'>a</span> <span class='ocrx_word' id='word_1_92' title='bbox 706 2053 847 2140; x_wconf 90' lang='lat' dir='ltr'>propria</span> <span class='ocrx_word' id='word_1_93' title='bbox 864 2055 1055 2120; x_wconf 73' lang='lat' dir='ltr'>voracitate</span> <span class='ocrx_word' id='word_1_94' title='bbox 1072 2061 1296 2141; x_wconf 88' lang='lat' dir='ltr'>consumptus</span> <span class='ocrx_word' id='word_1_95' title='bbox 1316 2053 1424 2120; x_wconf 84' lang='lat' dir='ltr'>maxi·</span> 
     </span>
     <span class='ocr_line' id='line_1_15' title="bbox 277 2179 1421 2268; baseline -0.002 -19"><span class='ocrx_word' id='word_1_96' title='bbox 277 2205 372 2249; x_wconf 89' lang='lat' dir='ltr'>mum</span> <span class='ocrx_word' id='word_1_97' title='bbox 403 2179 577 2267; x_wconf 86' lang='lat' dir='ltr'>significat</span> <span class='ocrx_word' id='word_1_98' title='bbox 605 2187 640 2244; x_wconf 85' lang='lat' dir='ltr'>et</span> <span class='ocrx_word' id='word_1_99' title='bbox 668 2179 851 2245; x_wconf 89' lang='lat' dir='ltr'>minimum</span> <span class='ocrx_word' id='word_1_100' title='bbox 874 2180 1040 2268; x_wconf 90' lang='lat' dir='ltr'>principii</span> <span class='ocrx_word' id='word_1_101' title='bbox 1067 2180 1292 2267; x_wconf 85' lang='lat' dir='ltr'>suscipientia</span> <span class='ocrx_word' id='word_1_102' title='bbox 1315 2180 1421 2247; x_wconf 90' lang='lat' dir='ltr'>ratio-</span> 
     </span>
    </p>

    <p class='ocr_par' dir='ltr' id='par_1_6' title="bbox 212 2305 1422 2896">
     <span class='ocr_line' id='line_1_16' title="bbox 212 2305 1422 2393; baseline -0.004 -16"><span class='ocrx_word' id='word_1_103' title='bbox 212 2313 253 2377; x_wconf 81' lang='lat'>15</span> <span class='ocrx_word' id='word_1_104' title='bbox 276 2333 371 2391; x_wconf 76' lang='lat' dir='ltr'>nem3</span> <span class='ocrx_word' id='word_1_105' title='bbox 392 2306 640 2373; x_wconf 88' lang='lat' dir='ltr'>calidissimum</span> <span class='ocrx_word' id='word_1_106' title='bbox 660 2305 753 2371; x_wconf 89' lang='lat' dir='ltr'>enim</span> <span class='ocrx_word' id='word_1_107' title='bbox 776 2305 988 2393; x_wconf 88' lang='lat' dir='ltr'>principium</span> <span class='ocrx_word' id='word_1_108' title='bbox 1007 2305 1136 2372; x_wconf 86' lang='lat' dir='ltr'>dicitur</span> <span class='ocrx_word' id='word_1_109' title='bbox 1160 2308 1314 2372; x_wconf 83' lang='lat' dir='ltr'>omniurn</span> <span class='ocrx_word' id='word_1_110' title='bbox 1339 2307 1422 2374; x_wconf 90' lang='lat' dir='ltr'>cali-</span> 
     </span>
     <span class='ocr_line' id='line_1_17' title="bbox 279 2431 1421 2519; baseline 0 -21"><span class='ocrx_word' id='word_1_111' title='bbox 279 2434 416 2515; x_wconf 87' lang='lat' dir='ltr'>dorum,</span> <span class='ocrx_word' id='word_1_112' title='bbox 434 2439 468 2497; x_wconf 91' lang='lat' dir='ltr'>et</span> <span class='ocrx_word' id='word_1_113' title='bbox 487 2432 657 2519; x_wconf 88' lang='lat' dir='ltr'>optimum</span> <span class='ocrx_word' id='word_1_114' title='bbox 677 2431 831 2496; x_wconf 90' lang='lat' dir='ltr'>omnium</span> <span class='ocrx_word' id='word_1_115' title='bbox 850 2432 1033 2511; x_wconf 86' lang='lat' dir='ltr'>bonorum;</span> <span class='ocrx_word' id='word_1_116' title='bbox 1054 2432 1145 2498; x_wconf 90' lang='lat' dir='ltr'>unde</span> <span class='ocrx_word' id='word_1_117' title='bbox 1168 2432 1359 2498; x_wconf 85' lang='lat' dir='ltr'>maximum</span> <span class='ocrx_word' id='word_1_118' title='bbox 1383 2432 1421 2498; x_wconf 93' lang='lat' dir='ltr'>in</span> 
     </span>
     <span class='ocr_line' id='line_1_18' title="bbox 279 2556 1419 2645; baseline 0 -21"><span class='ocrx_word' id='word_1_119' title='bbox 279 2580 483 2645; x_wconf 90' lang='lat' dir='ltr'>quocunque</span> <span class='ocrx_word' id='word_1_120' title='bbox 502 2580 627 2644; x_wconf 87' lang='lat' dir='ltr'>genere</span> <span class='ocrx_word' id='word_1_121' title='bbox 645 2557 811 2644; x_wconf 90' lang='lat' dir='ltr'>primum,</span> <span class='ocrx_word' id='word_1_122' title='bbox 830 2556 1013 2622; x_wconf 90' lang='lat' dir='ltr'>minimum</span> <span class='ocrx_word' id='word_1_123' title='bbox 1030 2578 1166 2643; x_wconf 90' lang='lat' dir='ltr'>quoque</span> <span class='ocrx_word' id='word_1_124' title='bbox 1183 2564 1234 2624; x_wconf 89' lang='lat' dir='ltr'>est</span> <span class='ocrx_word' id='word_1_125' title='bbox 1253 2557 1419 2645; x_wconf 85' lang='lat' dir='ltr'>primum;</span> 
     </span>
     <span class='ocr_line' id='line_1_19' title="bbox 278 2680 1420 2770; baseline -0.001 -20"><span class='ocrx_word' id='word_1_126' title='bbox 278 2683 369 2750; x_wconf 89' lang='lat' dir='ltr'>unde</span> <span class='ocrx_word' id='word_1_127' title='bbox 384 2683 595 2770; x_wconf 86' lang='lat' dir='ltr'>principium</span> <span class='ocrx_word' id='word_1_128' title='bbox 613 2680 848 2747; x_wconf 87' lang='lat' dir='ltr'>calefactionis</span> <span class='ocrx_word' id='word_1_129' title='bbox 865 2681 993 2747; x_wconf 83' lang='lat' dir='ltr'>dicitur</span> <span class='ocrx_word' id='word_1_130' title='bbox 1008 2682 1046 2747; x_wconf 92' lang='lat' dir='ltr'>in</span> <span class='ocrx_word' id='word_1_131' title='bbox 1065 2681 1209 2749; x_wconf 90' lang='lat' dir='ltr'>minima</span> <span class='ocrx_word' id='word_1_132' title='bbox 1226 2683 1329 2748; x_wconf 85' lang='lat' dir='ltr'>calidi</span> <span class='ocrx_word' id='word_1_133' title='bbox 1344 2705 1420 2770; x_wconf 91' lang='lat' dir='ltr'>par-</span> 
     </span>
     <span class='ocr_line' id='line_1_20' title="bbox 279 2807 1420 2896; baseline 0 -21"><span class='ocrx_word' id='word_1_134' title='bbox 279 2809 500 2896; x_wconf 88' lang='lat' dir='ltr'>ticipatione,</span> <span class='ocrx_word' id='word_1_135' title='bbox 534 2807 748 2895; x_wconf 89' lang='lat' dir='ltr'>principium</span> <span class='ocrx_word' id='word_1_136' title='bbox 771 2807 975 2873; x_wconf 89' lang='lat' dir='ltr'>eruditionis</span> <span class='ocrx_word' id='word_1_137' title='bbox 1008 2807 1046 2873; x_wconf 92' lang='lat' dir='ltr'>in</span> <span class='ocrx_word' id='word_1_138' title='bbox 1077 2807 1222 2874; x_wconf 86' lang='lat' dir='ltr'>minima</span> <span class='ocrx_word' id='word_1_139' title='bbox 1253 2808 1420 2875; x_wconf 84' lang='lat' dir='ltr'>informa·</span> 
     </span>
    </p>

    <p class='ocr_par' dir='ltr' id='par_1_7' title="bbox 211 2936 381 3004">
     <span class='ocr_line' id='line_1_21' title="bbox 211 2936 381 3004; baseline -0.029 0"><span class='ocrx_word' id='word_1_140' title='bbox 211 2941 256 3004; x_wconf 78' lang='lat'>20</span> <span class='ocrx_word' id='word_1_141' title='bbox 279 2936 381 3003; x_wconf 89' lang='lat' dir='ltr'>tione.</span> 
     </span>
    </p>

    <p class='ocr_par' dir='ltr' id='par_1_8' title="bbox 276 3058 1562 3525">
     <span class='ocr_line' id='line_1_22' title="bbox 366 3058 1562 3147; baseline -0.003 -22"><span class='ocrx_word' id='word_1_142' title='bbox 366 3059 538 3125; x_wconf 88' lang='lat' dir='ltr'>XXVIII.</span> <span class='ocrx_word' id='word_1_143' title='bbox 564 3059 663 3137; x_wconf 81' lang='lat' dir='ltr'>Quod</span> <span class='ocrx_word' id='word_1_144' title='bbox 687 3058 730 3124; x_wconf 90' lang='lat' dir='ltr'>ad</span> <span class='ocrx_word' id='word_1_145' title='bbox 753 3058 882 3125; x_wconf 88' lang='lat' dir='ltr'>inferos</span> <span class='ocrx_word' id='word_1_146' title='bbox 901 3058 1061 3126; x_wconf 88' lang='lat' dir='ltr'>detrusus</span> <span class='ocrx_word' id='word_1_147' title='bbox 1080 3059 1220 3145; x_wconf 85' lang='lat' dir='ltr'>dicitur,</span> <span class='ocrx_word' id='word_1_148' title='bbox 1245 3059 1421 3147; x_wconf 80' lang='lat' dir='ltr'>significat</span> <span class='ocrx_word' id='word_1_149' title='bbox 1446 3060 1562 3124; x_wconf 85' lang='lat'><strong>1301·</strong></span> 
     </span>
     <span class='ocr_line' id='line_1_23' title="bbox 276 3184 1422 3273; baseline 0.002 -22"><span class='ocrx_word' id='word_1_150' title='bbox 276 3185 488 3273; x_wconf 88' lang='lat' dir='ltr'>principium</span> <span class='ocrx_word' id='word_1_151' title='bbox 513 3207 580 3270; x_wconf 89' lang='lat' dir='ltr'>quo</span> <span class='ocrx_word' id='word_1_152' title='bbox 600 3191 651 3250; x_wconf 90' lang='lat' dir='ltr'>est</span> <span class='ocrx_word' id='word_1_153' title='bbox 670 3184 783 3250; x_wconf 86' lang='lat' dir='ltr'>fatum</span> <span class='ocrx_word' id='word_1_154' title='bbox 806 3207 865 3250; x_wconf 92' lang='lat' dir='ltr'>seu</span> <span class='ocrx_word' id='word_1_155' title='bbox 882 3185 1169 3271; x_wconf 86' lang='lat' dir='ltr'>praedestinatio,</span> <span class='ocrx_word' id='word_1_156' title='bbox 1189 3185 1281 3271; x_wconf 87' lang='lat' dir='ltr'>quod</span> <span class='ocrx_word' id='word_1_157' title='bbox 1301 3209 1422 3253; x_wconf 87' lang='lat' dir='ltr'>caussa</span> 
     </span>
     <span class='ocr_line' id='line_1_24' title="bbox 277 3310 1421 3399; baseline 0.001 -22"><span class='ocrx_word' id='word_1_158' title='bbox 277 3318 311 3376; x_wconf 91' lang='lat' dir='ltr'>at</span> <span class='ocrx_word' id='word_1_159' title='bbox 323 3311 534 3399; x_wconf 89' lang='lat' dir='ltr'>principium</span> <span class='ocrx_word' id='word_1_160' title='bbox 551 3333 747 3376; x_wconf 86' lang='lat' dir='ltr'>caussarum</span> <span class='ocrx_word' id='word_1_161' title='bbox 760 3310 1061 3398; x_wconf 87' lang='lat' dir='ltr'>[principiumque]</span> <span class='ocrx_word' id='word_1_162' title='bbox 1078 3311 1219 3397; x_wconf 83' lang='lat' dir='ltr'>dicitur,</span> <span class='ocrx_word' id='word_1_163' title='bbox 1234 3335 1312 3378; x_wconf 88' lang='lat' dir='ltr'>cum</span> <span class='ocrx_word' id='word_1_164' title='bbox 1325 3313 1421 3379; x_wconf 89' lang='lat' dir='ltr'>nullo</span> 
     </span>
     <span class='ocr_line' id='line_1_25' title="bbox 278 3435 1420 3525; baseline 0 -22"><span class='ocrx_word' id='word_1_165' title='bbox 278 3437 346 3503; x_wconf 87' lang='lat' dir='ltr'>alio</span> <span class='ocrx_word' id='word_1_166' title='bbox 365 3436 529 3525; x_wconf 90' lang='lat' dir='ltr'>principii</span> <span class='ocrx_word' id='word_1_167' title='bbox 548 3458 673 3522; x_wconf 82' lang='lat' dir='ltr'>genere</span> <span class='ocrx_word' id='word_1_168' title='bbox 702 3435 919 3502; x_wconf 86' lang='lat' dir='ltr'>conveniens.</span> <span class='ocrx_word' id='word_1_169' title='bbox 946 3437 1002 3501; x_wconf 86' lang='lat' dir='ltr'>Ad</span> <span class='ocrx_word' id='word_1_170' title='bbox 1027 3437 1092 3501; x_wconf 88' lang='lat' dir='ltr'>hoc</span> <span class='ocrx_word' id='word_1_171' title='bbox 1118 3459 1226 3522; x_wconf 85' lang='lat' dir='ltr'>genus</span> <span class='ocrx_word' id='word_1_172' title='bbox 1254 3437 1420 3525; x_wconf 87' lang='lat' dir='ltr'>principii</span> 
     </span>
    </p>

    <p class='ocr_par' dir='ltr' id='par_1_9' title="bbox 211 3561 1421 3775">
     <span class='ocr_line' id='line_1_26' title="bbox 211 3561 1421 3647; baseline -0.003 -15"><span class='ocrx_word' id='word_1_173' title='bbox 211 3570 254 3632; x_wconf 75' lang='lat'>25</span> <span class='ocrx_word' id='word_1_174' title='bbox 277 3563 453 3629; x_wconf 84' lang='lat' dir='ltr'>reducitur</span> <span class='ocrx_word' id='word_1_175' title='bbox 481 3561 712 3628; x_wconf 86' lang='lat' dir='ltr'>necessarium</span> <span class='ocrx_word' id='word_1_176' title='bbox 737 3567 772 3626; x_wconf 91' lang='lat' dir='ltr'>et</span> <span class='ocrx_word' id='word_1_177' title='bbox 798 3561 963 3647; x_wconf 86' lang='lat' dir='ltr'>quicquid</span> <span class='ocrx_word' id='word_1_178' title='bbox 989 3562 1150 3647; x_wconf 86' lang='lat' dir='ltr'>sineque</span> <span class='ocrx_word' id='word_1_179' title='bbox 1176 3584 1229 3627; x_wconf 86' lang='lat' dir='ltr'>res</span> <span class='ocrx_word' id='word_1_180' title='bbox 1259 3586 1421 3630; x_wconf 90' lang='lat' dir='ltr'>essenon</span> 
     </span>
     <span class='ocr_line' id='line_1_27' title="bbox 278 3686 1129 3775; baseline -0.001 -23"><span class='ocrx_word' id='word_1_181' title='bbox 278 3695 408 3775; x_wconf 86' lang='lat' dir='ltr'>potest;</span> <span class='ocrx_word' id='word_1_182' title='bbox 429 3688 464 3753; x_wconf 90' lang='lat' dir='ltr'>id</span> <span class='ocrx_word' id='word_1_183' title='bbox 484 3688 576 3752; x_wconf 89' lang='lat' dir='ltr'>enim</span> <span class='ocrx_word' id='word_1_184' title='bbox 595 3710 675 3753; x_wconf 81' lang='lat' dir='ltr'>vere</span> <span class='ocrx_word' id='word_1_185' title='bbox 694 3687 744 3752; x_wconf 90' lang='lat' dir='ltr'>rei</span> <span class='ocrx_word' id='word_1_186' title='bbox 763 3686 974 3774; x_wconf 85' lang='lat' dir='ltr'>principium</span> <span class='ocrx_word' id='word_1_187' title='bbox 993 3686 1129 3754; x_wconf 82' lang='lat' dir='ltr'>dicitur.</span> 
     </span>
    </p>

    <p class='ocr_par' dir='ltr' id='par_1_10' title="bbox 366 3815 1421 3902">
     <span class='ocr_line' id='line_1_28' title="bbox 366 3815 1421 3902; baseline 0.004 -24"><span class='ocrx_word' id='word_1_188' title='bbox 366 3815 507 3879; x_wconf 92' lang='lat' dir='ltr'>XXIX.</span> <span class='ocrx_word' id='word_1_189' title='bbox 531 3815 640 3879; x_wconf 90' lang='lat' dir='ltr'>Parca</span> <span class='ocrx_word' id='word_1_190' title='bbox 660 3837 797 3879; x_wconf 88' lang='lat' dir='ltr'>currum</span> <span class='ocrx_word' id='word_1_191' title='bbox 822 3837 966 3898; x_wconf 87' lang='lat' dir='ltr'>sequens</span> <span class='ocrx_word' id='word_1_192' title='bbox 986 3819 1020 3879; x_wconf 88' lang='lat' dir='ltr'>ct</span> <span class='ocrx_word' id='word_1_193' title='bbox 1044 3815 1117 3880; x_wconf 86' lang='lat' dir='ltr'>eius</span> <span class='ocrx_word' id='word_1_194' title='bbox 1133 3815 1281 3902; x_wconf 85' lang='lat' dir='ltr'>vestigia</span> <span class='ocrx_word' id='word_1_195' title='bbox 1306 3823 1421 3882; x_wconf 88' lang='lat' dir='ltr'>terens</span> 
     </span>
    </p>
   </div>
   <div class='ocr_carea' id='block_1_5' title="bbox 277 4134 1422 4527">
    <p class='ocr_par' dir='ltr' id='par_1_11' title="bbox 277 4134 1422 4527">
     <span class='ocr_line' id='line_1_29' title="bbox 371 4134 1419 4202; baseline -0.003 -12"><span class='ocrx_word' id='word_1_196' title='bbox 371 4141 402 4190; x_wconf 85' lang='lat'>10</span> <span class='ocrx_word' id='word_1_197' title='bbox 418 4155 430 4186; x_wconf 84' lang='lat' dir='ltr'>e</span> <span class='ocrx_word' id='word_1_198' title='bbox 447 4140 476 4188; x_wconf 80' lang='lat'>12</span> <span class='ocrx_word' id='word_1_199' title='bbox 493 4138 552 4187; x_wconf 89' lang='lat' dir='ltr'>sint</span> <span class='ocrx_word' id='word_1_200' title='bbox 568 4138 607 4186; x_wconf 77' lang='lat' dir='ltr'>A:</span> <span class='ocrx_word' id='word_1_201' title='bbox 626 4141 695 4187; x_wconf 86' lang='lat' dir='ltr'>sunt</span> <span class='ocrx_word' id='word_1_202' title='bbox 711 4136 743 4185; x_wconf 99' lang='grc' dir='ltr'><em>Μ</em></span> <span class='ocrx_word' id='word_1_203' title='bbox 821 4134 851 4185; x_wconf 86' lang='grc'>13</span> <span class='ocrx_word' id='word_1_204' title='bbox 867 4140 1056 4200; x_wconf 85' lang='lat' dir='ltr'>consumptus</span> <span class='ocrx_word' id='word_1_205' title='bbox 1078 4135 1110 4185; x_wconf 83' lang='lat' dir='ltr'><em>M</em></span> <span class='ocrx_word' id='word_1_206' title='bbox 1113 4152 1118 4184; x_wconf 97' lang='lat'><strong>:</strong></span> <span class='ocrx_word' id='word_1_207' title='bbox 1143 4137 1295 4186; x_wconf 87' lang='lat' dir='ltr'>consultus</span> <span class='ocrx_word' id='word_1_208' title='bbox 1319 4135 1378 4202; x_wconf 74' lang='lat' dir='ltr'>(sic)</span> <span class='ocrx_word' id='word_1_209' title='bbox 1395 4136 1419 4187; x_wconf 76' lang='lat' dir='ltr'><strong><em>A</em></strong></span> 
     </span>
     <span class='ocr_line' id='line_1_30' title="bbox 279 4214 1421 4286; baseline -0.003 -16"><span class='ocrx_word' id='word_1_210' title='bbox 279 4220 308 4270; x_wconf 80' lang='lat' dir='ltr'>ll</span> <span class='ocrx_word' id='word_1_211' title='bbox 334 4220 524 4286; x_wconf 87' lang='lat' dir='ltr'>suscipient..</span> <span class='ocrx_word' id='word_1_212' title='bbox 546 4218 594 4267; x_wconf 63' lang='lat'>11¹:</span> <span class='ocrx_word' id='word_1_213' title='bbox 619 4217 823 4281; x_wconf 82' lang='lat' dir='ltr'>suscipientiae</span> <span class='ocrx_word' id='word_1_214' title='bbox 844 4214 1043 4265; x_wconf 72' lang='lat' dir='ltr'>accordantealc</span> <span class='ocrx_word' id='word_1_215' title='bbox 1065 4216 1095 4265; x_wconf 90' lang='lat' dir='ltr'><em>M</em></span> <span class='ocrx_word' id='word_1_216' title='bbox 1163 4218 1304 4268; x_wconf 85' lang='lat' dir='ltr'>rationem</span> <span class='ocrx_word' id='word_1_217' title='bbox 1329 4235 1384 4267; x_wconf 80' lang='lat' dir='ltr'>aon</span> <span class='ocrx_word' id='word_1_218' title='bbox 1407 4217 1421 4267; x_wconf 77' lang='grc' dir='ltr'>ὲ</span> 
     </span>
     <span class='ocr_line' id='line_1_31' title="bbox 277 4295 1422 4365; baseline -0.003 -15"><span class='ocrx_word' id='word_1_219' title='bbox 277 4300 373 4350; x_wconf 80' lang='lat' dir='ltr'>ctioro</span> <span class='ocrx_word' id='word_1_220' title='bbox 387 4302 520 4365; x_wconf 74' lang='lat' dir='ltr'>(corrono)</span> <span class='ocrx_word' id='word_1_221' title='bbox 538 4298 567 4348; x_wconf 80' lang='lat' dir='ltr'>ia</span> <span class='ocrx_word' id='word_1_222' title='bbox 585 4301 607 4347; x_wconf 83' lang='lat' dir='ltr'><em>A</em></span> <span class='ocrx_word' id='word_1_223' title='bbox 673 4298 703 4346; x_wconf 86' lang='lat'>18</span> <span class='ocrx_word' id='word_1_224' title='bbox 719 4296 793 4346; x_wconf 84' lang='lat' dir='ltr'>caldi</span> <span class='ocrx_word' id='word_1_225' title='bbox 809 4295 832 4344; x_wconf 81' lang='lat' dir='ltr'><em>A</em></span> <span class='ocrx_word' id='word_1_226' title='bbox 897 4295 977 4344; x_wconf 65' lang='lat' dir='ltr'>19le</span> <span class='ocrx_word' id='word_1_227' title='bbox 993 4296 1196 4348; x_wconf 84' lang='lat' dir='ltr'>informatione</span> <span class='ocrx_word' id='word_1_228' title='bbox 1213 4297 1246 4347; x_wconf 88' lang='grc' dir='ltr'><em>Μ</em></span> <span class='ocrx_word' id='word_1_229' title='bbox 1249 4316 1255 4348; x_wconf 88' lang='lat'>:</span> <span class='ocrx_word' id='word_1_230' title='bbox 1274 4299 1422 4349; x_wconf 79' lang='lat' dir='ltr'>formatio-</span> 
     </span>
     <span class='ocr_line' id='line_1_32' title="bbox 278 4376 1422 4447; baseline 0 -16"><span class='ocrx_word' id='word_1_231' title='bbox 278 4397 314 4432; x_wconf 89' lang='lat' dir='ltr'>ne</span> <span class='ocrx_word' id='word_1_232' title='bbox 327 4380 349 4430; x_wconf 58' lang='lat' dir='ltr'>⁴l</span> <span class='ocrx_word' id='word_1_233' title='bbox 415 4383 445 4430; x_wconf 59' lang='grc' dir='ltr'><em>Μ</em></span> <span class='ocrx_word' id='word_1_234' title='bbox 463 4379 639 4446; x_wconf 87' lang='lat' dir='ltr'>quo-quod</span> <span class='ocrx_word' id='word_1_235' title='bbox 655 4378 694 4428; x_wconf 71' lang='lat' dir='ltr'>A:</span> <span class='ocrx_word' id='word_1_236' title='bbox 713 4378 788 4442; x_wconf 87' lang='lat' dir='ltr'>qnod</span> <span class='ocrx_word' id='word_1_237' title='bbox 805 4382 867 4427; x_wconf 69' lang='lat' dir='ltr'>trite</span> <span class='ocrx_word' id='word_1_238' title='bbox 883 4392 897 4426; x_wconf 82' lang='lat' dir='ltr'>a</span> <span class='ocrx_word' id='word_1_239' title='bbox 913 4376 963 4426; x_wconf 81' lang='lat' dir='ltr'>dae</span> <span class='ocrx_word' id='word_1_240' title='bbox 977 4376 999 4425; x_wconf 81' lang='lat' dir='ltr'>lc</span> <span class='ocrx_word' id='word_1_241' title='bbox 1019 4377 1082 4427; x_wconf 78' lang='lat' dir='ltr'>colle</span> <span class='ocrx_word' id='word_1_242' title='bbox 1095 4378 1126 4427; x_wconf 87' lang='grc' dir='ltr'><em>Μ</em></span> <span class='ocrx_word' id='word_1_243' title='bbox 1187 4380 1219 4429; x_wconf 76' lang='lat'>‘23</span> <span class='ocrx_word' id='word_1_244' title='bbox 1234 4379 1422 4447; x_wconf 82' lang='lat' dir='ltr'>principium·</span> 
     </span>
     <span class='ocr_line' id='line_1_33' title="bbox 279 4458 1282 4527; baseline -0.001 -15"><span class='ocrx_word' id='word_1_245' title='bbox 279 4479 335 4527; x_wconf 88' lang='lat' dir='ltr'>que</span> <span class='ocrx_word' id='word_1_246' title='bbox 347 4479 395 4512; x_wconf 85' lang='lat' dir='ltr'>om.</span> <span class='ocrx_word' id='word_1_247' title='bbox 410 4461 442 4510; x_wconf 90' lang='grc' dir='ltr'><em>Μ</em></span> <span class='ocrx_word' id='word_1_248' title='bbox 501 4461 534 4510; x_wconf 81' lang='grc'>26</span> <span class='ocrx_word' id='word_1_249' title='bbox 550 4475 616 4510; x_wconf 78' lang='lat' dir='ltr'>vcro</span> <span class='ocrx_word' id='word_1_250' title='bbox 635 4464 676 4515; x_wconf 90' lang='lat' dir='ltr'>(et</span> <span class='ocrx_word' id='word_1_251' title='bbox 693 4458 819 4524; x_wconf 88' lang='lat' dir='ltr'>proprie)</span> <span class='ocrx_word' id='word_1_252' title='bbox 834 4458 866 4507; x_wconf 89' lang='grc' dir='ltr'><em>Μ</em></span> <span class='ocrx_word' id='word_1_253' title='bbox 926 4458 958 4507; x_wconf 82' lang='lat'>27</span> <span class='ocrx_word' id='word_1_254' title='bbox 975 4462 1072 4509; x_wconf 82' lang='lat' dir='ltr'>terens</span> <span class='ocrx_word' id='word_1_255' title='bbox 1086 4459 1122 4508; x_wconf 76' lang='lat' dir='ltr'>A:</span> <span class='ocrx_word' id='word_1_256' title='bbox 1138 4460 1236 4511; x_wconf 86' lang='lat' dir='ltr'>dolens</span> <span class='ocrx_word' id='word_1_257' title='bbox 1249 4460 1282 4510; x_wconf 90' lang='lat' dir='ltr'><em>M</em></span> 
     </span>
    </p>
   </div>
   <div class='ocr_carea' id='block_1_6' title="bbox 0 0 1748 5108">
    <p class='ocr_par' dir='ltr' id='par_1_12' title="bbox 0 0 1748 5108">
     <span class='ocr_line' id='line_1_34' title="bbox 0 0 1748 5108; baseline 0 1"><span class='ocrx_word' id='word_1_258' title='bbox 0 0 1748 5108; x_wconf 95' lang='lat' dir='ltr'> </span> 
     </span>
    </p>
   </div>
  </div>
 </body>
</html>
