3488 5108
616 435 745 482 inuras
765 434 922 483 umorum
943 436 1150 483 srcrmavu.
1393 420 1450 483 139

308 596 425 656 tamen
444 612 514 657 non
534 592 722 659 certissime
741 601 776 659 et
795 593 1022 681 apertissime3
1043 616 1114 660 non
1137 617 1179 660 ex
1202 595 1450 682 imprecatione

309 715 364 781 vel
383 717 545 804 obtentu,
567 719 647 803 quia
666 720 836 803 absolute3
855 742 926 786 non
947 717 991 786 'ex
1014 720 1308 808 suppeditatione,
1328 728 1450 808 utpote

310 840 390 927 quia
409 841 536 929 aliquis
555 844 587 909 ei
605 850 770 933 suggerat
787 846 843 911 vel
862 845 1113 930 subministret;
1131 868 1201 913 non
1221 846 1302 931 quia
1317 846 1452 912 lucrum

310 965 390 1031 inde
409 967 587 1055 suscipiat,
608 993 678 1036 non
707 971 789 1058 quia
818 970 1083 1038 retributionem
1112 993 1224 1057 neque
1251 979 1292 1038 ut
1319 969 1453 1058 aliquid

266 1089 466 1159 binveniat
491 1094 582 1179 quod
609 1095 816 1182 perquisivit
844 1095 961 1177 (habet
984 1096 1077 1162 enim
1100 1095 1218 1162 omnia
1239 1093 1452 1182 praesentia,

310 1216 427 1282 omnia
457 1225 623 1305 promta),
644 1243 716 1286 non
744 1226 784 1286 ut
811 1221 964 1287 lucretur
993 1230 1029 1289 et
1058 1220 1216 1308 acquirat
1240 1220 1368 1304 (omnia
1391 1242 1453 1286 sua

309 1343 402 1408 enim
425 1350 540 1428 sunt);
566 1347 571 1432 Ι
596 1368 665 1439 non
697 1355 737 1412 ut
764 1347 897 1434 aliquid
921 1347 974 1414 illi
996 1348 1160 1414 reddatur
1183 1355 1218 1413 et
1241 1347 1451 1435 elargiatur,
1478 1346 1597 1411 156ν

310 1472 408 1558 quasi
421 1478 541 1541 mutuo
553 1473 685 1540 dederit
694 1480 807 1559 (omne
819 1475 911 1540 enim
924 1483 975 1543 est
988 1475 1117 1563 ubique
1128 1498 1229 1542 suum
1241 1481 1345 1562 etque
1357 1475 1450 1560 sibi);

310 1621 380 1671 non
399 1606 439 1666 ut
463 1600 622 1667 inveniat
641 1601 728 1667 citra
746 1600 915 1686 laborem,
933 1603 1107 1691 rapinem,
1125 1602 1296 1686 fraudem,
1320 1601 1450 1688 dolum,

246 1734 288 1797 10
310 1726 584 1813 usurpationem,
609 1727 667 1792 sed
686 1750 727 1793 ex
747 1728 869 1794 merito
888 1728 1084 1816 regiminis,
1105 1727 1384 1816 gubernationis,
1404 1726 1453 1793 fa-

309 1853 411 1937 voris,
423 1853 657 1940 protectionis,
673 1854 858 1938 custodiae,
874 1854 1156 1925 conservationis.
1168 1855 1261 1921 Hinc
1273 1877 1335 1922 nos
1352 1853 1451 1941 quasi

310 1983 479 2045 mercator
487 1986 522 2044 et
533 1979 674 2046 institor
685 1980 762 2045 vult
771 2003 844 2046 esse
856 1981 1030 2068 operarios
1042 1979 1316 2068 adadoptionem
1324 2002 1451 2065 eorum,

310 2125 397 2188 quae
413 2110 530 2171 tamen
544 2127 614 2171 non
630 2106 698 2171 nisi
715 2107 788 2172 eius
804 2106 893 2172 dono
904 2129 1004 2194 posse
1016 2106 1152 2191 mereri,
1167 2109 1275 2195 [posse
1291 2105 1452 2196 persequi

310 2231 457 2316 mereri,]
473 2231 647 2319 persequi,
664 2231 809 2320 adipisci
823 2240 858 2298 et
873 2232 1000 2299 habere
1015 2233 1178 2300 valemus.
1196 2234 1251 2300 Ita
1271 2232 1369 2320 quasi
1384 2254 1453 2298 cre-

245 2358 286 2423 15
310 2354 436 2422 didisse
448 2356 586 2423 videtur
593 2357 698 2424 -nobis
710 2358 885 2426 naturales
898 2366 933 2424 et
948 2359 1121 2446 gratuitas
1137 2357 1334 2442 facultates,
1350 2363 1386 2424 et
1401 2357 1453 2423 in-

310 2480 592 2568 dignissimorum
609 2482 850 2569 nullorumque
868 2506 1011 2571 operum
1030 2484 1105 2549 loco
1128 2482 1313 2569 dignorum
1334 2504 1452 2570 accep-

310 2613 425 2672 torum
448 2607 607 2674 intitulat
626 2631 661 2673 se
680 2608 924 2674 retributorem
943 2617 978 2674 et
1001 2615 1309 2696 compensatorem,
1329 2614 1452 2695 utpote

309 2755 372 2820 pro
385 2733 510 2820 cyatho
529 2733 678 2820 frigidae
689 2756 799 2819 equae
811 2734 904 2800 dicat
920 2742 954 2800 et
970 2734 1174 2822 polliceatur
1190 2757 1253 2800 nos
1269 2733 1451 2800 habituros

310 2859 510 2946 centuplum
530 2865 565 2924 et
584 2859 693 2925 vitam
713 2864 898 2925 aeternam.
919 2860 1007 2926 Item
1035 2859 1078 2926 ad
1102 2860 1333 2927 ministerium
1365 2859 1453 2925 facit

243 2986 289 3050 20
310 3007 373 3051 nos
391 2984 516 3051 habere
535 2985 667 3052 talenta
685 2985 893 3073 gratiarum,
914 3009 1002 3073 quae
1029 2985 1072 3052 eb
1097 2986 1216 3052 otiosis
1247 2994 1281 3051 et
1311 2986 1455 3052 abuten-

309 3110 403 3176 tibus
434 3111 525 3176 oirca
554 3117 691 3176 terrena
720 3111 884 3177 dicuntur
915 3135 986 3177 esse
1015 3112 1054 3177 in
1079 3119 1171 3178 terra
1195 3111 1398 3178 abscondita
1418 3119 1454 3176 et

311 3234 441 3302 effossa.
463 3235 630 3302 Similiter
649 3236 691 3302 de
709 3235 788 3301 aliis
808 3236 1014 3320 rationibus,
1031 3237 1069 3302 in
1086 3237 1211 3323 quibus
1227 3237 1269 3303 de
1289 3238 1362 3302 Deo
1380 3259 1452 3303 non

309 3383 491 3448 possumus
510 3362 623 3427 dicere
641 3363 756 3450 ipsum
779 3364 905 3430 habere
931 3362 1221 3446 ministerialiter,
1250 3370 1384 3446 mutuo,
1413 3384 1454 3428 ex

310 3487 402 3575 lege,
423 3511 464 3554 ex
488 3488 662 3573 libertate,
687 3513 729 3555 ex
757 3490 891 3556 ratione
918 3487 1177 3577 imputationis,
1205 3510 1322 3570 ansae,
1352 3510 1454 3573 gene·

243 3621 287 3686 25
310 3615 394 3680 ralis
413 3614 510 3697 doni,
531 3615 778 3700 concessionis,
802 3615 950 3703 gratiae,
982 3637 1024 3679 ex
1051 3614 1348 3700 appropriatione,
1378 3634 1456 3700 pro·

310 3742 473 3828 prietate,
493 3743 621 3828 specie,
646 3764 786 3827 genere,
807 3740 980 3826 analogian
1012 3738 1099 3805 nihil
1128 3747 1245 3805 tamen
1276 3737 1455 3826 prohibet,

310 3868 525 3933 immoratio
545 3868 654 3934 dictat
674 3868 843 3933 ornuisut
865 3867 930 3932 hoe
953 3866 1067 3952 ipsum
1100 3865 1226 3932 habere
1255 3865 1306 3931 illi
1335 3888 1457 3931 conve·

312 3992 387 4058 niat
403 3990 573 4076 effective,
590 3993 808 4080 imperative,
826 3991 1067 4074 autoritative,
1087 3992 1166 4076 quia
1183 3991 1315 4058 scilicet
1330 3990 1456 4057 habere

405 4256 421 4304 6
436 4258 568 4320 prompte
580 4252 612 4303 M
673 4255 704 4303 13
721 4253 796 4303 dono
810 4252 842 4302 M
846 4270 852 4303 t
867 4253 987 4303 domoA
1053 4253 1091 4303 13.
1103 4255 1134 4303 14
1150 4266 1234 4318 posse
1246 4253 1358 4313 mereri,
1372 4267 1456 4318 posse

312 4336 461 4401 persequi,
480 4336 597 4397 mereri,
615 4335 749 4400 persequi
767 4334 888 4400 adipisci
904 4334 936 4384 Μ
943 4352 949 4384 :
966 4333 1012 4383 noi
1028 4332 1200 4383 consentaneo
1217 4333 1240 4383 le
1252 4333 1352 4397 parole
1372 4349 1457 4400 posse

312 4416 448 4482 persequi
461 4417 576 4480 mereri;
592 4433 606 4464 ο
612 4417 693 4479 forse
703 4413 797 4479 ereptio
812 4422 904 4477 [poseo
918 4414 1030 4480 mereri,
1045 4430 1129 4483 posse
1143 4415 1308 4482 persequilt
1354 4416 1385 4465 22
1398 4416 1457 4466 suf·

313 4498 392 4549 fossa
405 4497 554 4547 scandali!
614 4498 646 4548 ίὶῖ
663 4499 749 4547 immo
759 4495 792 4546 Μ
796 4514 801 4546 :
816 4498 844 4546 in
860 4496 894 4560 (P)
909 4496 932 4545 Α
