3488 5108
294 378 354 437 398
732 389 874 435 ioaosru
895 389 997 434 savur

295 549 354 616 sed
383 548 500 615 omnia
529 547 573 614 ad
603 547 765 634 spiritum
792 570 852 613 seu
880 546 1032 614 animam
1055 546 1093 612 in
1112 545 1215 613 rebus
1234 545 1442 612 existentem

294 674 511 757 referuntur;
534 679 569 738 et
597 673 682 739 haec
711 673 851 761 proprie
876 680 1020 739 vocatur
1052 673 1184 760 magia
1217 672 1441 739 naturalis.

295 799 425 876 Quinto
445 821 522 864 cum
541 798 595 865 his
614 797 789 864 adduntur
807 798 928 883 verba,
952 804 1088 881 cantus,
1114 796 1266 864 rationes
1286 816 1443 864 numero·

294 946 371 990 rum
390 930 425 988 et
447 931 654 1011 temporum,
675 922 859 1009 imagines,
889 922 1038 1009 figurae,
1069 923 1197 1008 sigilla,
1227 920 1442 988 characteres

250 1055 271 1118 ὃ
294 1071 355 1115 seu
370 1048 521 1131 litterae,
537 1054 572 1113 et
590 1048 674 1114 haec
690 1047 795 1113 etiam
811 1054 863 1113 est
877 1048 994 1131 magia
1012 1047 1125 1113 media
1138 1047 1231 1112 inter
1245 1045 1441 1112 naturalem

294 1181 330 1240 et
347 1172 640 1239 extranaturalem
660 1172 716 1237 vel
734 1194 851 1259 supra,
868 1194 955 1257 quae
973 1172 1113 1259 proprie
1136 1170 1270 1256 megia
1293 1168 1442 1235 mathe-

294 1297 471 1364 mathice
504 1297 768 1381 inscriberetur,
801 1304 836 1363 et
869 1297 1009 1363 nornine
1043 1295 1230 1362 occultae
1262 1294 1442 1383 philoso-

293 1421 413 1509 phiae
432 1422 543 1508 magis
562 1444 713 1509 congrue
731 1420 989 1488 inscriberetur.
1019 1421 1124 1489 Sexto
1149 1421 1178 1486 si
1197 1420 1259 1486 isti
1288 1424 1442 1486 accessat

294 1548 407 1614 cultus
426 1571 485 1614 seu
508 1548 683 1614 invocatio
708 1547 1021 1632 intelligentiarum
1049 1553 1083 1611 et
1113 1545 1324 1612 efficientum
1351 1552 1443 1610 exte·

230 1683 272 1747 10
293 1673 423 1739 riorum
442 1695 502 1738 seu
521 1673 749 1760 superiorum,
768 1695 846 1739 cum
862 1672 1092 1756 orationibus,
1112 1670 1441 1752 consecrationibus,

294 1795 464 1883 fumigiis,
483 1786 674 1878 sacrificiu,
695 1796 797 1863 certis
816 1797 993 1863 habitibus
1008 1804 1042 1863 et
1059 1794 1261 1861 ceremoniis
1277 1793 1323 1860 ad
1338 1794 1439 1879 Deos,

294 1921 477 1987 daemones
505 1929 541 1986 et
570 1921 703 2004 heroas,
737 1928 822 1988 tunc
850 1921 905 1987 vel
933 1923 973 1988 fit
1004 1921 1048 1988 ad
1082 1922 1187 1987 finem
1210 1919 1440 1985 contrahendi

296 2047 438 2133 spiritus
457 2047 548 2113 inse
567 2047 654 2134 ipso,
676 2046 772 2113 cuius
791 2047 865 2134 ipse
881 2047 942 2112 fiat
961 2069 1022 2112 vas
1041 2054 1076 2112 et
1094 2046 1380 2129 instrumentum,
1400 2052 1441 2111 ut

295 2178 460 2260 appareat
494 2172 630 2259 sapiens
664 2195 792 2257 rerum,
822 2195 927 2259 quam
957 2179 1073 2238 tamen
1105 2171 1312 2258 sapientiam
1340 2169 1443 2237 facile

231 2307 271 2371 15
294 2296 478 2384 pharmaco
498 2301 567 2362 uua
586 2320 664 2364 oum
682 2298 808 2384 spiritu
823 2298 934 2385 possit
949 2320 1129 2380 evacuare;
1143 2304 1177 2362 et
1193 2295 1277 2363 haec
1297 2304 1351 2362 est
1369 2319 1445 2361 ma·

294 2422 361 2508 gia
389 2422 708 2509 desperatorum,
733 2423 793 2507 qui
817 2424 905 2488 fiunt
928 2446 1011 2489 vasa
1034 2422 1204 2489 malorum
1229 2422 1444 2506 daemonum,

295 2570 383 2632 quae
401 2570 462 2634 per
480 2547 602 2612 Artem
618 2547 790 2613 notoriam
810 2554 1067 2635 exauoupatur:
1098 2554 1159 2612 aut
1183 2553 1234 2612 est
1263 2545 1306 2611 ad
1335 2546 1442 2610 finem

295 2670 489 2757 imperandi
517 2678 553 2736 et
579 2671 815 2758 praecipiendi
845 2671 1071 2737 daemonibus
1103 2670 1330 2736 inferioribus
1361 2691 1441 2736 cum

297 2795 507 2861 authoritate
526 2796 742 2882 superiorum
762 2796 967 2863 daemonum
984 2797 1198 2883 principum,
1220 2795 1281 2860 hos
1301 2794 1439 2881 quidem
1508 2769 1511 2774 ⁵

229 2932 274 2996 20
297 2921 438 2986 colendo
457 2930 492 2987 et
515 2922 711 3005 alliciendO,
732 2923 809 2988 illos
838 2945 919 2988 vero
948 2922 1158 2988 coniurando
1178 2930 1212 2987 et
1232 2921 1441 3003 adiurandO,

298 3046 578 3132 constringendo3
603 3047 745 3113 ethaeo
775 3048 908 3133 magia
940 3056 992 3112 est
1019 3044 1347 3113 transnaturalis
1380 3067 1441 3111 seu

297 3170 596 3258 metaphysica,
625 3178 659 3236 et
686 3173 827 3259 proprio
852 3173 991 3238 nomine
1024 3174 1220 3259 appellatur
1253 3177 1441 3257 θεουργὶα.

298 3297 452 3383 Septimo
472 3303 533 3362 aut
552 3306 603 3363 est
623 3296 792 3363 adiuratio
813 3321 872 3363 seu
891 3298 1079 3380 invocatio,
1095 3320 1166 3362 nou
1190 3296 1234 3361 ad
1257 3295 1441 3361 daemonas
1466 3249 1609 3404 3340

298 3428 332 3487 et
355 3422 490 3508 heroaS,
516 3422 574 3487 sed
597 3444 659 3509 per
681 3424 765 3487 istos
785 3423 828 3488 ad
847 3423 1025 3488 hominum
1045 3421 1287 3486 defunctorum
1306 3419 1441 3485 animas

231 3564 274 3627 25
298 3547 493 3629 acciendaS,
517 3570 578 3634 per
601 3569 719 3613 eorum
742 3548 910 3614 cadavera
933 3549 988 3613 vel
1016 3547 1222 3613 cadaverum
1251 3552 1369 3633 partes
1400 3543 1444 3609 ad

298 3673 475 3738 oraculum
498 3672 639 3757 aliquod
663 3673 936 3759 suscipiendum,
963 3672 1207 3755 divinandum,
1238 3691 1444 3756 cognoscen-

298 3797 381 3862 dum
407 3797 568 3863 derebus
588 3798 788 3864 absentibus
812 3805 846 3863 et
869 3798 1013 3880 futuris3
1030 3804 1064 3863 et
1083 3798 1166 3863 haec
1185 3796 1316 3884 species
1336 3818 1355 3861 a
1374 3817 1444 3860 me·

391 4124 588 4176 2vocanturO
632 4123 819 4188 lsygillaill¹
866 4123 1045 4173 characteres
1056 4120 1086 4172 0:
1099 4126 1261 4171 caracteres
1271 4119 1303 4168 Μ
1345 4119 1443 4184 bdopo

298 4206 392 4269 magia
408 4205 526 4255 corcella
542 4205 691 4257 Naturalis
709 4204 742 4253 M
802 4206 816 4254 7
833 4203 904 4265 dopo
922 4202 1129 4252 inscriberetur
1151 4200 1272 4250 carmello
1289 4198 1365 4250 unde
1384 4199 1443 4249 Ma·

298 4287 376 4336 them
394 4285 425 4335 M
485 4288 646 4336 8accessat
665 4284 731 4334 OM:
745 4284 772 4347 s.
791 4284 912 4335 accessit
934 4300 948 4331 o
970 4282 1088 4332 accedat
1111 4282 1157 4345 (cf.
1179 4297 1208 4345 p.
1233 4281 1293 4338 399,
1314 4283 1338 4329 2.
1352 4280 1367 4327 7
1383 4281 1442 4342 ete.)

300 4366 328 4415 ll
346 4365 515 4433 ceremonijs
528 4364 623 4415 activa
632 4364 715 4414 adon
779 4365 809 4413 12
826 4364 978 4414 daemones
991 4363 1018 4425 0,
1029 4365 1064 4423 ef.
1075 4379 1099 4413 c.
1111 4364 1153 4411 23.
1160 4378 1191 4425 p.
1208 4361 1268 4420 401,
1281 4362 1316 4410 28
1329 4376 1384 4423 sqq.
1395 4364 1441 4410 etc.

299 4447 329 4495 19
345 4445 389 4495 hie
405 4444 445 4495 M¹
508 4446 541 4496 22
559 4443 675 4514 θευργία
692 4445 723 4495 M
728 4461 734 4495 :
753 4443 924 4508 theurgiat'
