3488 5108
290 386 350 444 328
729 400 868 444 renuam
889 398 991 443 nuum

291 578 360 622 non
380 563 492 643 potest
513 556 693 642 attingere.
713 557 760 621 Et
778 555 918 620 omnino
935 554 1023 621 nihil
1039 555 1144 622 habet
1164 581 1232 643 ars,
1254 559 1346 644 quod
1364 583 1434 626 non

291 688 383 747 corta
412 680 549 747 ratione
578 703 597 746 a
628 687 753 747 natura
784 687 974 763 mutuetur,
1007 680 1049 745 ad
1080 702 1184 765 quam
1203 707 1239 748 se
1269 684 1376 750 habet
1395 691 1434 750 ut

291 808 425 873 aemula
444 814 478 873 et
496 806 666 895 posterior
686 788 730 872 acl
749 806 976 893 archetypum
996 812 1030 872 et
1048 807 1209 894 priorem.

378 954 411 992 ee.
431 934 507 999 Hoc
535 932 617 999 lieet
649 933 797 998 maxime
828 933 1031 998 confirmare
1055 933 1307 1019 peractionem
1327 942 1435 1002 caete·

246 1064 406 1125 trorum
436 1058 683 1142 animantium,
705 1080 793 1143 quae
823 1079 934 1142 neque
959 1064 1034 1123 arte
1064 1079 1177 1143 neque
1209 1057 1437 1144 inquisitione

289 1207 401 1269 neque
433 1182 683 1249 deliberatione
707 1181 830 1248 adacta
864 1182 974 1247 multa
994 1191 1029 1248 et
1062 1182 1132 1248 fere
1163 1183 1279 1249 omnia
1314 1185 1436 1250 melius

198 1291 204 1301 ⁹
289 1318 435 1376 naturae
466 1309 636 1375 instinctu
660 1315 893 1394 exequuntur,
919 1331 1022 1392 quam
1042 1330 1104 1375 nos
1127 1316 1202 1375 arte
1221 1318 1255 1375 et
1279 1310 1437 1377 discursu

289 1457 547 1525 persequamur;
568 1435 660 1500 unde
684 1434 768 1500 haec
796 1434 886 1499 ratio
905 1434 1055 1500 multum
1084 1435 1201 1521 potuit
1225 1435 1318 1523 apud
1336 1457 1437 1521 quos·

290 1562 387 1645 (lam,
403 1566 442 1625 ut
459 1561 698 1626 existimarent
711 1582 854 1626 araneos
866 1565 900 1624 et
912 1558 1074 1625 formicas
1091 1559 1271 1627 intellectu
1289 1561 1435 1647 operari.

229 1696 267 1757 10
290 1687 400 1772 Atqui
420 1684 626 1772 profundius
646 1685 944 1772 perscrutantibus
964 1684 1147 1771 apparebit
1166 1685 1435 1772 intelligentiam
1460 1690 1553 1753 30v
1567 1690 1603 1754 O

291 1811 465 1898 quandam
499 1810 582 1876 haee
616 1810 731 1876 omnia
767 1810 816 1875 ita
850 1810 1004 1896 adigere,
1042 1810 1319 1895 quandoquidem
1344 1819 1379 1877 et
1399 1811 1436 1876 in

290 1937 421 2024 plantis
440 1935 542 2021 ipsis,
571 1935 753 2019 inquibus
784 1957 896 2020 neque
919 1957 975 1999 ars
1005 1957 1116 2018 neque
1141 1957 1261 2001 sensus
1291 1946 1436 2023 apparet

291 2064 396 2145 ullae,
416 2067 560 2149 apparet
579 2061 696 2127 omnia
719 2083 828 2147 usque
848 2061 933 2126 adeo
953 2060 1082 2148 optime
1105 2085 1178 2127 esse
1196 2061 1376 2147 ordinata,
1395 2072 1435 2132 ut

291 2188 422 2255 radices
441 2194 623 2274 protensae
640 2194 674 2251 et
689 2187 846 2252 firmatae
866 2187 1035 2270 deorsum,
1052 2209 1122 2253 nen
1138 2209 1283 2270 sursum,
1301 2194 1376 2252 tum
1393 2188 1437 2252 ad

227 2329 267 2391 15
291 2312 516 2380 stabiliendas
543 2313 683 2398 plautas
710 2319 784 2376 tum
804 2313 909 2377 etiam
934 2312 977 2377 ad
996 2311 1234 2378 vehementius
1256 2312 1435 2379 humorem

293 2442 384 2510 vitae
403 2438 634 2525 exugendum,
657 2439 660 2524 l
682 2438 765 2503 folia
783 2438 864 2502 item
896 2439 994 2504 velut
1013 2438 1217 2504 indumenta
1251 2438 1433 2523 quaedam,
1458 2447 1609 2509 44*ss

293 2567 417 2651 quibus
445 2565 578 2630 fruetus
599 2571 858 2646 oense-ruentum
891 2572 925 2628 et
949 2564 1017 2630 alia
1048 2564 1157 2629 multa
1181 2564 1298 2629 videre
1329 2565 1436 2632 estin

292 2692 390 2779 ipsis,
411 2713 499 2775 (pirae
531 2689 662 2777 optime
681 2690 810 2774 absque
839 2690 981 2776 propria
1010 2689 1259 2755 deliberatione
1287 2688 1434 2768 habent,

293 2839 438 2902 querum
457 2817 546 2881 ratic
562 2816 604 2881 ad
622 2816 716 2881 aliud
735 2816 946 2903 principium
963 2816 1085 2881 rel'erri
1103 2825 1251 2901 nequeat
1270 2840 1372 2902 quam
1393 2816 1436 2880 ad

225 2955 269 3015 ⁸20
293 2951 462 3007 naturam.

380 3089 413 3124 ⁸1.
435 3067 524 3132 Tum
558 3067 693 3131 ratione
726 3067 889 3131 materiae
923 3074 996 3131 turn
1033 3065 1085 3131 vel
1121 3067 1270 3132 maxime
1301 3068 1435 3132 ratione

291 3195 436 3274 formae,
458 3215 557 3277 quae,
588 3199 627 3256 ut
647 3191 777 3256 dictum
809 3199 873 3274 est,
896 3192 938 3255 aul
968 3194 1072 3256 finem
1092 3193 1146 3257 vel
1167 3216 1244 3257 cunr
1269 3192 1337 3257 fine
1356 3214 1434 3256 eon·

292 3317 413 3400 currit,
447 3340 570 3403 nempe
604 3317 683 3381 finis
718 3325 769 3380 est
804 3322 838 3381 et
874 3317 916 3380 acl
950 3318 1052 3381 finem
1088 3324 1122 3381 ct
1157 3340 1263 3402 agens
1292 3316 1436 3381 alicuius

292 3443 416 3528 gratia.

225 3584 268 3646 ‘25
380 3588 414 3624 ac.
435 3568 506 3631 Nec
536 3567 629 3631 valet
649 3573 891 3650 argumentum
923 3590 1053 3649 eorum,
1075 3567 1165 3651 quel
1196 3566 1372 3631 adducunt
1395 3564 1436 3628 (le

292 3693 465 3759 erroribus
495 3699 529 3756 et
549 3691 725 3774 monstris,
757 3694 817 3775 qui
845 3693 1007 3756 accidunt
1032 3692 1229 3775 innatum,
1264 3691 1435 3776 sirprirlcm

292 3843 362 3884 non
387 3825 569 3905 propterea
589 3818 745 3903 serpritur
768 3840 838 3882 non
858 3841 960 3904 agere
988 3826 1130 3904 propter
1155 3819 1266 3882 finem.
1288 3817 1435 3882 Soloeei·

293 3952 393 4010 naute
423 3944 515 4008 enirn
539 3943 766 4029 grammatico
797 3951 831 4007 et
850 3945 938 4008 male
969 3944 1178 4030 propinante
1209 3944 1354 4025 uindice,
1376 3942 1436 4027 qui

385 4230 531 4295 toperari
554 4229 589 4277 B:
615 4242 699 4291 agere
724 4228 745 4276 0
807 4228 836 4276 11
854 4227 895 4276 ita
916 4227 986 4275 haee
1010 4225 1148 4275 omniat'
1210 4226 1240 4273 13
1258 4240 1348 4288 usque
1366 4225 1436 4274 adeo

294 4310 389 4360 omnia
406 4316 427 4361 (J
490 4311 520 4358 16
537 4309 627 4358 veluti
647 4309 669 4358 0
730 4308 760 4356 ‘21
778 4308 850 4357 Tum
868 4305 924 4371 ete]
944 4304 1053 4370 bisogna
1070 4305 1245 4362 cerzrzetterlo,
1258 4306 1337 4368 strae
1354 4302 1437 4354 cache

293 4389 571 4456 prarrnrrclicalmcntc,
584 4406 632 4438 con
642 4386 753 4437 l’nltime
765 4384 849 4436 iacto
860 4387 902 4435 ‹lcl
909 4389 1066 4451 paruprasb
1073 4386 1228 4447 praecunte
1272 4387 1302 4435 2⁷)
1312 4387 1388 4450 quod
1398 4386 1423 4434 B
1430 4402 1435 4433 :

296 4470 345 4536 qui
362 4475 395 4522 rs:
411 4470 446 4519 da
461 4470 611 4520 cancellare
623 4469 747 4518 corum?
808 4470 841 4516 ‘ru
851 4470 877 4528 j'.
897 4483 968 4532 quae
1032 4467 1111 4517 MS
1128 4467 1316 4516 solaecisante
1330 4465 1357 4514 Ε
