3488 5108
541 443 670 487 caurus
692 442 851 489 rarorum
873 443 1080 490 srarviavn.
1342 431 1381 491 ct

237 599 465 690 plenitudinis
483 608 651 687 perpetuo
669 598 772 680 idem;
793 606 908 665 stante
924 601 1016 666 enim
1035 600 1216 677 individua
1231 603 1381 670 essentia

236 733 306 793 stat
324 726 398 792 eius
418 724 610 807 brachium,
631 724 790 790 consistit
811 724 962 792 eiusdem
982 748 1113 792 manus.

347 851 424 916 XV.
446 851 617 940 Operatur
640 850 731 916 inse
760 851 835 938 ipso
853 851 1046 939 producens
1070 851 1199 934 omnia;
1229 859 1325 918 extra
1346 876 1381 919 se

236 977 329 1043 enim
348 976 436 1043 nihil
457 985 520 1058 est,
542 977 579 1041 in
599 975 674 1063 ipso
694 976 787 1042 enim
806 984 857 1042 est
876 977 1057 1064 plenitudo
1074 984 1109 1042 et
1128 977 1252 1065 ipsein
1270 979 1382 1066 pleni-

191 1102 212 1165 5
235 1102 369 1185 tudine,
389 1103 472 1169 lieet
491 1102 559 1169 alio
579 1102 696 1185 modo;
718 1103 808 1167 sicut
827 1103 895 1171 alio
915 1102 1015 1170 modo
1035 1103 1156 1170 domus
1176 1111 1228 1171 est
1248 1105 1284 1171 in
1304 1106 1381 1172 fun·

234 1229 404 1295 dementis
425 1229 547 1294 etalio
567 1228 668 1294 modo
697 1227 963 1294 fundamentum
982 1229 1020 1295 in
1040 1229 1154 1314 domo,
1178 1253 1242 1296 nec
1261 1230 1379 1297 eadem

234 1354 367 1420 ratione
388 1353 551 1442 splendor
570 1354 678 1418 estin
697 1355 767 1420 sole
787 1362 821 1419 et
840 1353 890 1420 sol
911 1354 948 1420 in
967 1354 1158 1443 splendore.

322 1478 420 1543 XVI.
441 1477 594 1544 Dividua
614 1486 666 1544 est
683 1486 717 1544 et
737 1478 918 1545 individua
936 1480 974 1545 in
993 1480 1153 1547 omnibus
1173 1481 1378 1566 substantia,

235 1603 524 1691 quemadmodum
544 1604 696 1670 animam
715 1604 752 1669 in
772 1625 913 1691 corpore
930 1613 1048 1670 nostro
1063 1606 1252 1674 secundum
1268 1630 1380 1674 essen·

171 1727 212 1790 10
234 1729 320 1795 tiam
351 1729 490 1815 quidem
521 1729 739 1796 individuam
771 1730 900 1816 ubique
920 1738 1030 1797 totam
1061 1731 1303 1819 intelligimus,
1328 1756 1379 1798 se·

235 1854 385 1921 cundum
407 1862 504 1920 actus
523 1877 604 1920 vero
624 1861 658 1920 et
678 1856 895 1943 operationes
914 1879 984 1922 una
1004 1856 1141 1942 quidem
1172 1857 1306 1924 ratione
1326 1865 1378 1923 est

233 1981 270 2045 in
290 2003 374 2061 unc,
395 1981 462 2046 alia
482 1980 519 2045 iu
540 1981 620 2064 alio;
646 1981 736 2046 unde
761 1982 889 2068 ubique
913 1982 1021 2064 idern,
1047 1982 1105 2048 sed
1129 2005 1200 2049 non
1223 2005 1262 2049 eo
1287 1982 1378 2049 idern

234 2105 435 2193 inoperatur
454 2106 607 2194 spiritus.

323 2231 438 2298 XVII.
458 2232 623 2298 Animam
643 2233 796 2298 universi
816 2233 1003 2298 secundum
1022 2233 1270 2319 substantiam,
1295 2234 1377 2300 dum

169 2359 210 2424 15
233 2356 484 2423 indivisibilem
513 2357 671 2442 dicimus,
692 2357 794 2424 facile
823 2358 1125 2445 multiplicabilem
1145 2359 1376 2442 concedimus,

234 2482 523 2568 quemadmodum
547 2505 614 2548 vox
635 2506 704 2548 una
727 2484 763 2548 in
785 2483 1096 2550 innumerabilibus
1120 2483 1204 2551 loeis
1223 2484 1378 2551 indivisi·

234 2607 314 2673 bilis
340 2608 477 2694 quidem
502 2609 654 2690 auditur,
681 2608 957 2697 multiplicabilis
976 2632 1056 2676 vero
1076 2633 1148 2675 esse
1177 2616 1294 2698 potest
1316 2633 1378 2697 per

232 2735 387 2800 subiecta
404 2735 543 2801 auditus
559 2744 593 2800 et
612 2736 688 2802 loca
707 2737 1003 2822 repercussionum
1021 2736 1122 2821 aeris,
1138 2736 1219 2802 dum
1236 2736 1377 2802 interim

232 2860 363 2948 ubique
382 2868 468 2945 tota,
489 2884 662 2948 nusquam
683 2884 764 2927 vero
785 2861 896 2927 divisa
916 2861 1064 2927 auditur.

164 2992 210 3055 ‘20
321 2985 454 3050 XVIII.
475 2986 530 3052 Ita
560 2985 677 3073 fulgor
697 2987 762 3052 iste
792 2994 845 3052 est
863 2995 1081 3053 transmeans
1105 2993 1139 3052 et
1163 2985 1377 3053 transfusum

232 3109 269 3173 in
289 3131 424 3175 omnem
444 3111 693 3195 substantiam,
715 3118 841 3178 utnon
860 3112 933 3199 ipse
953 3135 973 3177 a
993 3133 1133 3199 corpore
1147 3109 1376 3197 sustineatur,

234 3234 292 3299 sed
311 3234 384 3321 ipse
403 3235 532 3320 ubique
551 3236 750 3303 universum
771 3239 949 3303 sustineat.

322 3360 423 3425 XIX.
444 3362 499 3426 Ita
518 3362 737 3428 individuum
762 3363 986 3450 percipiatur,
1007 3370 1046 3428 ut
1070 3363 1160 3428 idem
1181 3363 1227 3429 sit
1246 3371 1281 3428 et
1300 3363 1375 3428 uni·

233 3508 381 3568 versum,
403 3494 454 3552 est
474 3489 566 3553 enim
585 3489 784 3554 universum
808 3487 964 3570 formale,
986 3488 1168 3553 essentiale
1192 3495 1226 3552 et
1244 3487 1373 3575 prinei·

164 3606 209 3669 ‘25
231 3611 328 3698 pium
354 3612 579 3679 intrinsecum
600 3614 728 3700 ubique
755 3613 965 3692 effectivum,
986 3621 1026 3679 ut
1045 3614 1073 3678 si
1099 3636 1168 3679 una
1193 3612 1374 3680 individua

233 3759 299 3802 vox
323 3737 404 3803 dum
429 3740 465 3802 in
489 3740 649 3804 universo
668 3740 795 3827 ubique
819 3749 894 3805 tota
913 3739 1087 3824 audiatur,
1105 3762 1175 3804 nou
1191 3746 1373 3826 propterea

232 3863 346 3949 perdit
381 3886 477 3929 suam
512 3864 805 3948 individuitatem,
837 3864 895 3929 sed
930 3865 1045 3952 potius
1080 3888 1154 3930 eam
1193 3865 1374 3959 confirmat

232 3996 266 4052 et
302 3996 535 4075 protestatur,
575 3990 862 4074 quemadmodum
897 3998 932 4055 et
966 3990 1084 4055 eadem
1124 3989 1254 4077 species
1293 3989 1373 4054 visi·

232 4113 311 4178 bilis
343 4114 653 4179 innumerabililms
686 4116 793 4180 oculis
828 4138 890 4202 pro
921 4115 1154 4181 subiectorum
1182 4115 1372 4180 visivorum

163 4244 210 4308 30
233 4239 521 4326 multiplicatione
546 4240 627 4305 licet
652 4241 688 4305 iu
712 4241 872 4308 erunibus
897 4241 942 4306 sit
965 4241 1201 4323 informative,
1223 4239 1373 4305 indivisa

234 4413 495 4421 ——--.-—---.
507 4416 513 4419 .
524 4414 621 4421 ⁸-
640 4415 810 4422 .———--.--.
820 4416 832 4420 -

323 4499 353 4548 12
369 4496 454 4558 unde]
470 4499 596 4564 undique
609 4499 642 4547 ΑΙ
709 4499 787 4548 1213
805 4514 860 4549 non
877 4499 1032 4550 eorundem
1048 4506 1185 4566 operatur
1198 4500 1231 4550 Μ

362 4594 438 4635 llucxl
455 4597 508 4643 (ηιμ.
525 4595 564 4633 lot.
583 4595 622 4632 lll.
1200 4597 1213 4637 8
