3488 5108
544 417 634 462 LIBRI
655 417 866 463 Purswonvn
887 421 1099 467 Antsrotntls
1120 422 1313 468 nitentum.
1434 406 1494 464 299

357 582 391 638 et
420 571 582 638 defectus.
608 573 674 640 Sed
703 576 909 662 posteriores
938 577 997 643 alii
1027 577 1113 643 illud
1137 600 1244 643 unum
1274 577 1396 643 volunt
1421 598 1492 641 esse

356 698 448 782 quod
466 706 560 783 agat,
582 706 616 763 et
634 699 695 764 illa
714 699 781 765 duo
806 724 892 786 quae
917 703 1107 788 patiantur,
1130 708 1168 767 ut
1198 700 1311 780 Plato;
1342 702 1402 767 alii
1434 701 1493 766 illa
1521 702 1600 764 172
1615 700 1651 764 Ο

356 822 423 886 dno
442 822 565 888 volunt
583 846 655 888 esse
679 847 766 909 quae
791 834 912 911 agant,
934 834 967 890 et
991 826 1077 891 illud
1101 849 1208 891 unum
1228 825 1320 912 quod
1340 826 1495 913 patiatur

357 968 416 1010 seu
435 947 592 1034 recipiat,
613 949 702 1015 siout
721 950 957 1037 Empedocles,
976 951 1202 1039 Anaxagoras
1222 960 1256 1017 et
1274 973 1346 1018 noe.

705 1234 851 1273 Concludltur
867 1245 913 1274 uon
928 1245 975 1273 ersa
991 1235 1057 1284 plura
1073 1235 1151 1274 trlbns.

449 1437 523 1502 Illis
542 1437 662 1522 igitur,
682 1437 742 1522 qui
759 1436 1025 1502 considerabunt
1041 1438 1219 1522 negotium
1240 1446 1315 1503 tum
1335 1460 1376 1504 ex
1395 1437 1497 1504 dietis

358 1570 434 1628 tum
453 1585 494 1626 ex
513 1562 590 1627 aliie
611 1584 697 1646 quae
716 1561 924 1627 considerari
947 1567 1104 1649 possunt,
1129 1561 1305 1628 videbitur
1329 1563 1500 1628 rationem

360 1686 532 1772 quandam
552 1709 637 1768 esse,
659 1709 726 1771 qua
745 1685 918 1773 principia
938 1709 1007 1751 non
1026 1694 1107 1752 sunt
1137 1687 1237 1773 plura
1265 1687 1386 1752 tribus.
1416 1688 1503 1754 Con·

359 1812 544 1877 trariorum
564 1812 655 1875 enim
676 1810 741 1875 etsi
765 1810 932 1897 plurimae
952 1812 1023 1876 sint
1042 1812 1184 1898 specim,
1202 1811 1368 1877 nimirum
1388 1813 1502 1899 prima

295 1937 338 2000 10
360 1937 488 2023 speeies
507 1959 576 2001 una
595 1935 766 2000 duntaxat
789 1935 870 2017 erit;
891 1936 1009 2020 itaque
1028 1935 1095 2001 duo
1114 1941 1215 2000 erunt
1234 1936 1346 2022 prima
1365 1945 1503 2002 contra·

359 2061 424 2141 ria,
445 2061 570 2145 quibus
595 2058 741 2125 subinde
759 2059 802 2125 ad
821 2060 1022 2146 patiendum
1046 2083 1106 2125 seu
1128 2060 1362 2146 recipiendum
1393 2085 1499 2129 unum

360 2185 515 2252 sufficiet.
546 2185 584 2249 Si
611 2185 739 2272 quippe
771 2184 946 2251 debebunt
976 2208 1048 2251 esse
1078 2185 1178 2271 plura
1208 2185 1397 2273 principia,
1429 2189 1499 2253 sint

360 2334 441 2397 ergo
453 2310 539 2376 (luae
553 2311 830 2393 contrarietates3
843 2317 926 2376 tuno
938 2310 1112 2398 oportebit
1124 2312 1266 2377 seorsim
1285 2313 1329 2377 ab
1342 2313 1499 2397 utrisque

360 2437 432 2502 es'se
452 2436 625 2521 quandam
644 2443 805 2501 naturam
824 2435 987 2517 mediam,
1012 2458 1073 2522 per
1097 2458 1200 2521 quam
1230 2436 1365 2522 possint
1396 2438 1501 2521 eoire,

297 2567 338 2629 15
362 2562 559 2641 convenire;
582 2561 711 2626 sivero
731 2560 795 2625 hoo
815 2567 915 2648 paeto
935 2583 977 2625 ex
1001 2583 1036 2625 εθ
1059 2561 1207 2626 invicem
1238 2560 1371 2646 reliqua
1401 2584 1504 2648 gene·

360 2687 486 2767 rarint,
506 2686 614 2752 altera
630 2685 915 2751 contrarietatum
935 2685 1002 2749 erit
1020 2685 1138 2750 otiosa.
1168 2686 1351 2751 Praeterea
1376 2687 1503 2773 impos·

361 2811 461 2875 sibile
476 2818 527 2877 est
542 2811 657 2897 plures
677 2809 939 2875 contrarietates
959 2809 1087 2895 primas
1107 2832 1195 2890 esse,
1217 2811 1297 2894 quia
1317 2808 1452 2876 diversa
1468 2819 1502 2875 et

361 2934 461 3022 plura
480 2939 611 3018 retrum
635 2958 762 3021 genera
782 2943 1050 3018 consequentum
1071 2934 1169 3020 atqui
1193 2935 1284 2999 inter
1302 2958 1428 3020 genera
1448 2944 1499 3001 est
1526 2935 1614 2999 39¹·
1626 2938 1672 3000 Β

361 3084 468 3127 unum
488 3062 653 3148 primum,
675 3060 766 3144 quod
785 3069 837 3123 est
857 3059 1063 3140 substantia;
1089 3081 1170 3145 ergo
1195 3068 1228 3124 et
1259 3059 1350 3125 iuter
1369 3068 1504 3126 eontra-

295 3189 340 3252 ‘20
362 3187 502 3252 rietates
519 3194 656 3252 estune
672 3185 798 3273 prime,
817 3192 968 3269 quaeest
984 3184 1021 3248 in
1037 3184 1231 3249 substantia
1247 3185 1303 3250 vel
1316 3185 1502 3250 seeundum

362 3311 606 3391 substantiam,
627 3312 716 3375 siout
736 3333 824 3395 quae
848 3309 932 3375 facit
958 3310 1216 3396 generationem
1247 3318 1282 3374 et
1311 3310 1503 3397 corruptio-

361 3460 456 3518 nem,
477 3459 580 3521 quain
597 3436 818 3521 consequitur
834 3435 895 3501 illa
911 3459 996 3521 quae
1010 3435 1094 3502 facit
1107 3436 1256 3501 calidum
1272 3444 1306 3499 et
1322 3434 1501 3522 frigidum,

362 3584 526 3647 magnum
540 3569 574 3626 et
587 3582 742 3647 parvum,
756 3583 871 3627 rarum
883 3568 917 3626 et
930 3561 1080 3642 densum,
1093 3561 1251 3625 dextrum
1264 3569 1298 3625 et
1311 3560 1501 3644 sinistrum,

362 3709 497 3752 sursum
521 3696 555 3751 et
579 3685 750 3770 deorsum,
776 3695 811 3750 et
835 3695 968 3751 caetera
991 3709 1078 3770 quae
1102 3694 1183 3751 sunt
1202 3685 1389 3751 seeundum
1417 3709 1502 3771 qua-

295 3821 338 3883 25
362 3812 509 3894 litatem,
534 3798 779 3896 quantitatem,
808 3811 1024 3892 relationem,
1055 3811 1247 3876 situmeto.
1282 3812 1358 3878 Uno
1386 3817 1502 3877 antem

362 3937 530 4002 existente
549 3936 661 4023 primo
679 3959 805 4021 genere
823 3944 857 4000 et
876 3943 1124 4021 consequenter
1143 3958 1213 4001 una
1235 3937 1348 4022 prima
1368 3944 1503 4002 contra-

362 4063 493 4143 rietate,
509 4085 548 4126 ea
564 4063 697 4127 ratione
717 4084 784 4146 qua
800 4062 836 4126 in
856 4063 950 4127 omni
966 4084 1090 4148 genere
1108 4069 1160 4127 est
1179 4061 1347 4146 quaedam
1367 4068 1504 4128 contra·

470 4324 580 4382 lJ‘oree
604 4341 657 4372 nou
681 4323 693 4370 ὸ
717 4320 863 4372 necessario
891 4338 1023 4385 supporre
1049 4338 1105 4371 una
1132 4321 1231 4371 lacuna
1255 4324 1308 4384 (inu
1333 4321 1367 4384 cs.
1392 4321 1503 4373 Aristot.

361 4421 391 4467 p.
408 4405 467 4454 189ὁ
487 4406 580 4464 13-14)
644 4405 660 4451 3
676 4411 767 4466 agunt
780 4403 806 4452 n
867 4403 881 4450 7
899 4403 1037 4452 videbunt
1050 4402 1083 4453 ll.
1099 4401 1130 4454 Si
1141 4409 1237 4466 patruo
1248 4417 1401 4468 correypere
1414 4401 1502 4452 insece

365 4485 425 4547 lui,
444 4501 487 4533 nio
501 4486 535 4547 cf.
553 4484 638 4534 Arist.
654 4485 670 4534 Ι.
685 4501 705 4532 r.
723 4485 753 4532 17
817 4482 954 4533 bsuntO
1017 4484 1047 4534 18
1063 4482 1149 4550 inter]
1164 4485 1240 4534 inter
1253 4497 1350 4533 rerum
1364 4481 1394 4534 0¹
