3488 5108
307 375 380 437 5481
746 387 884 432 rounam
905 384 1007 430 sarm

308 569 434 613 nomen
454 545 507 611 illi
535 545 653 611 stellae
673 550 708 608 et
727 542 796 607 illis
827 541 942 624 astriS,
963 541 1001 605 in
1031 510 1156 624 quibus
1187 539 1260 626 ipse
1278 536 1456 624 recepisse
1505 553 1508 559 '

308 672 478 737 influxum
499 669 665 750 creditur;
690 668 718 748 ὴ
742 689 823 754 ergo
837 666 875 731 in
891 665 1006 747 dome,
1028 663 1032 752 Ι
1054 664 1090 729 in
1110 664 1301 746 mansione,
1314 663 1352 727 in
1366 662 1457 728 ima·
1483 653 1587 716 49'

308 797 390 884 gine
411 786 478 874 (ἰὼ
496 803 659 877 naturam
675 794 860 860 habentem
875 792 1005 857 dieitur
1019 790 1084 857 hoo
1101 797 1204 878 pacto
1219 790 1272 855 illi
1289 789 1456 856 coniunc-

308 928 365 988 tus
384 921 462 987 aliis
481 921 550 986 loci
569 918 776 985 differentiis
796 917 847 982 illi
865 918 922 983 vel
940 916 1031 1002 aliis,
1053 917 1107 981 vel
1122 917 1316 1004 inproprie
1337 915 1454 980 domo.

264 1052 285 1109 ι’)
309 1046 430 1112 Simile
449 1046 615 1112 iudicium
636 1044 678 1111 de
695 1043 838 1128 reliquis
857 1043 987 1108 notatis
1007 1042 1104 1108 iuxta
1120 1041 1301 1127 antiquum
1318 1063 1454 1106 morem

308 1173 419 1238 adhuc
443 1193 572 1256 magna
600 1193 642 1235 ex
661 1177 759 1256 parte
787 1168 995 1233 intaminate
1018 1167 1244 1250 declaratum,
1264 1167 1355 1234 sicut
1382 1166 1456 1232 dio-

308 1304 381 1363 tum
413 1306 477 1379 est,
510 1298 659 1362 virtutes
687 1296 840 1382 ipsarum
875 1294 1160 1360 differentiarum.
1189 1292 1358 1359 Similiter
1389 1292 1455 1359 ubi

307 1422 476 1488 iudicium
497 1422 538 1486 de
557 1445 594 1487 re
613 1422 730 1508 eliqua
749 1421 946 1488 faciendum
964 1427 1029 1502 est,
1049 1430 1088 1485 ut
1108 1419 1150 1484 de
1167 1427 1290 1502 morte,
1308 1418 1350 1484 de
1364 1418 1453 1503 vita,

307 1548 469 1632 sanitate,
505 1547 738 1634 aegritudine,
776 1547 950 1632 coniugio,
980 1544 1128 1626 divitiis,
1160 1544 1202 1610 de
1230 1550 1454 1633 paupertate,

244 1682 285 1743 10
308 1673 594 1739 considerandum
619 1680 671 1739 est
693 1673 778 1738 haee
802 1672 907 1736 etiam
931 1671 974 1737 ad
998 1679 1160 1737 naturam
1184 1677 1355 1736 certorum
1374 1668 1454 1757 pla·

307 1808 465 1866 netarum
486 1798 624 1880 referri;
649 1797 792 1863 divitiae
819 1799 911 1862 enim
941 1797 984 1863 ad
1007 1795 1060 1881 Θ,
1084 1803 1270 1884 paupertas
1293 1795 1336 1860 ad
1360 1795 1391 1875 ὴ
1417 1801 1455 1859 et

307 1931 449 1990 merset
465 1924 645 2010 aegritudo
662 1925 698 1988 in
715 1947 840 2010 genere
852 1946 858 2006 ;
872 1924 909 1988 in
922 1923 1034 2010 speeie
1050 1910 1131 1988 vero
1145 1923 1233 1987 aliae
1251 1920 1294 1987 ad
1314 1919 1454 2010 (ΗΜ)

307 2051 436 2117 calidae
453 2057 488 2115 et
506 2051 632 2132 siceae;
646 2050 733 2115 aliae
745 2050 790 2115 ad
808 2049 853 2130 ὴ,
867 2058 907 2116 ut
918 2050 1067 2136 frigidae
1079 2048 1141 2140 (et)
1155 2049 1282 2131 siccae3
1303 2048 1392 2114 aliae
1406 2047 1453 2113 ad

306 2175 359 2261 ᾗ),
377 2181 417 2242 ut
431 2174 580 2262 frigidae
597 2183 632 2241 et
645 2175 817 2241 humidae.
835 2176 948 2242 Morbi
964 2177 1048 2242 item
1064 2175 1238 2263 spiritales
1256 2174 1315 2240 alii
1332 2174 1376 2239 ad
1394 2176 1452 2258 cd,

243 2313 284 2374 15
306 2307 345 2366 ut
365 2300 429 2384 ira,
450 2300 584 2386 rabies,
606 2299 649 2366 ad
672 2299 703 2378 Q
730 2308 806 2367 atra
830 2301 927 2382 bilis,
948 2301 992 2367 ad
1017 2301 1043 2380 9
1072 2300 1258 2387 zelotypia,
1278 2305 1313 2365 et
1333 2299 1454 2365 omnia

307 2448 394 2511 quae
423 2449 465 2490 ex
496 2448 619 2492 amore.
644 2424 700 2491 Ita
724 2426 950 2491 consideratis
981 2425 1159 2510 subiectio,
1189 2425 1249 2510 qui
1279 2432 1362 2490 sunt
1384 2424 1453 2489 sub

305 2560 460 2639 tempore
483 2560 518 2618 et
537 2560 632 2618 motu
657 2559 691 2617 et
715 2552 958 2618 conformitate
983 2553 1068 2618 caeli
1091 2560 1126 2617 et
1144 2552 1324 2639 temporis,
1347 2550 1454 2617 facile

307 2684 358 2743 est
376 2677 493 2743 videre
512 2677 666 2743 favorem
691 2684 726 2741 et
750 2677 1044 2762 contrarietatem,
1064 2685 1098 2743 et
1121 2686 1161 2744 nt
1179 2701 1233 2744 res
1256 2678 1294 2742 in
1313 2677 1454 2743 adolen-

307 2804 356 2868 tia
379 2803 434 2866 vel
458 2803 495 2868 in
519 2803 749 2886 decremento,
767 2811 806 2867 ut
827 2804 923 2867 varia
942 2811 1022 2868 sunt
1041 2804 1214 2891 principia
1234 2826 1347 2868 rerum
1369 2807 1453 2868 ista-

241 2939 285 3004 20
308 2952 382 2994 rum
407 2929 617 3014 agenda-rum
642 2929 900 3016 dispositarum,
921 2931 1013 2996 unde
1032 2940 1223 3018 sequnntur
1249 2932 1334 2997 varii
1358 2931 1452 2996 ordi-

307 3080 367 3122 nes
385 3066 490 3142 atque
510 3080 615 3122 casus.
642 3058 870 3122 Frumentum
890 3058 995 3138 enim,
1018 3058 1110 3142 quod
1136 3060 1199 3124 sub
1219 3061 1288 3125 sole
1308 3065 1451 3124 tenente

306 3184 346 3263 ][
364 3185 418 3251 vel
437 3183 478 3265 Q
496 3185 662 3267 nascitur,
683 3207 753 3249 non
773 3185 957 3250 adolescit:
979 3187 1028 3251 ita
1050 3187 1210 3251 omnibus
1234 3158 1345 3251 certae
1366 3194 1451 3251 sunt

307 3310 458 3375 rationes
471 3320 505 3375 et
515 3309 717 3398 primordia,
735 3311 859 3395 quibus
875 3310 1074 3398 prodeundo
1088 3312 1209 3376 vident
1224 3319 1449 3398 augmentum

308 3442 342 3499 et
362 3435 465 3501 finem
486 3460 544 3501 seu
564 3435 820 3522 perfectionem.
842 3437 937 3501 Idem
961 3446 1013 3501 est
1033 3439 1070 3502 in
1089 3438 1249 3504 omnibus
1266 3437 1343 3502 aliis
1363 3438 1450 3502 aieci-

242 3575 285 3635 25
309 3560 470 3626 dentibus
503 3568 537 3626 et
562 3562 697 3627 casibus
728 3561 908 3644 iudicium,
934 3571 973 3628 ut
1000 3563 1212 3651 principium
1241 3564 1449 3647 ditescendi,

307 3685 518 3774 principium
536 3688 750 3775 aegrotandi,
764 3688 923 3775 placendi
940 3690 994 3753 vel
1011 3690 1216 3777 displicendi
1228 3691 1364 3778 popule,
1379 3711 1451 3756 non

308 3811 487 3894 quodlibet
517 3813 630 3878 tendit
654 3814 696 3878 ad
716 3814 833 3897 finem,
865 3815 923 3879 sed
943 3814 984 3878 de
1003 3815 1080 3880 istis
1111 3816 1263 3881 exactius
1283 3816 1396 3880 dicere
1417 3824 1452 3880 et

310 4005 396 4011 ——--
415 4006 515 4011 ...—.—
531 4006 1442 4016 —---—-·-—---—-...-.———---—-—-—.

400 4114 415 4161 3
434 4113 740 4176 natu1·am(?neutrnm
753 4113 1036 4177 &tabennensium
1101 4120 1114 4166 ἵ
1124 4117 1202 4179 forse
1222 4120 1329 4168 virtute
1344 4119 1358 4166 7
1421 4119 1451 4168 in

308 4209 392 4257 marg).
408 4195 466 4244 NB.
484 4195 679 4254 Ptolomaeus,
696 4195 788 4244 lulius
803 4197 958 4259 Firminus,
970 4196 1063 4246 Guido
1079 4199 1221 4259 Bonatus,
1239 4200 1401 4249 Alcabitius
1416 4200 1452 4248 si-

307 4275 510 4337 gnificationes
652 4275 886 4339 (subministrant
897 4278 921 4340 ?)
937 4294 951 4327 e
967 4316 986 4327 ..
997 4318 1001 4327 .
1012 4294 1040 4327 ,ο
1055 4281 1115 4342 (nb.
1135 4281 1204 4344 lewe
1222 4281 1332 4346 Norqff,
1351 4281 1416 4329 dove
1430 4281 1453 4330 il

307 4353 394 4404 codice
416 4355 451 4402 lm
474 4348 559 4405 ur—oo
575 4357 702 4419 qualcosa
719 4356 748 4405 di
764 4358 858 4412 sirrzilet
882 4360 1061 4422 planetarum
1083 4367 1136 4408 etc.
1160 4365 1280 4425 Aratus,
1303 4362 1445 4418 Cusanus,

308 4435 440 4485 Thomas.
455 4436 486 4484 M
550 4438 578 4484 14
595 4430 703 4502 affilas
717 4438 746 4485 M
813 4440 841 4487 1⁴3
858 4442 905 4503 qui
921 4455 993 4487 corr.
1008 4440 1051 4489 M:
1071 4441 1089 4489 l.
1104 4456 1176 4506 qnae
1240 4443 1270 4490 21
1288 4439 1369 4491 sicM
