3488 5108
699 418 863 463 nnorcnm
884 419 1057 464 ortmann.
1388 409 1445 467 601

303 572 412 660 ipsius
431 573 458 639 O
475 579 509 638 et
529 573 636 640 trium
661 573 769 661 ipsius
789 576 834 659 D,
856 597 943 660 qliae
967 559 1105 661 quidem
1131 585 1259 662 puncta
1285 578 1354 644 tria
1379 603 1450 673 ma-

302 699 409 763 terias
445 699 521 786 ipsa
555 698 614 764 CD
650 699 805 766 subiecta
839 700 1039 785 miscentur,
1080 723 1168 787 quae
1198 703 1450 790 superfluentis

302 825 340 889 in
359 847 418 890 sex
437 825 575 911 punctis
595 825 783 912 praedictis
808 825 1052 912 comprehendi
1071 849 1141 892 non
1162 835 1289 912 potest,
1314 841 1349 894 et
1374 829 1451 896 ideo

303 949 451 1017 destruit
481 950 549 1018 duo
584 959 716 1039 puncta
745 975 787 1017 ex
811 951 843 1017 G
870 959 1045 1040 ettunum
1075 976 1117 1019 ex
1147 954 1195 1035 D,
1227 963 1368 1043 propter
1398 957 1452 1023 de·
1475 972 1566 1035 64v

257 1072 528 1142 batructionem
559 1098 705 1162 quorum
742 1076 821 1160 GD,
848 1077 963 1162 (qnae)
994 1100 1035 1142 ex
1066 1079 1265 1165 operatione
1298 1081 1450 1147 natura-li

302 1202 500 1290 privantur,
532 1201 677 1267 materia
707 1201 861 1289 ipsorum
893 1211 1144 1290 corrumpetur,
1176 1215 1318 1294 propter
1346 1229 1449 1293 quam

203 1415 205 1418 Ι
302 1327 557 1413 corruptionem
582 1349 699 1393 omnes
725 1326 853 1413 gradus
873 1328 988 1413 quarti
1019 1328 1268 1416 disiunguntur
1296 1337 1331 1396 et
1349 1354 1451 1419 appe·

305 1458 386 1518 tunt
404 1452 507 1518 aliam
527 1452 675 1519 formam
695 1476 767 1518 esse
786 1453 823 1517 in
847 1454 1005 1536 materia,
1025 1454 1167 1542 propter
1187 1479 1290 1542 quam
1310 1456 1448 1523 dissolu·

302 1578 432 1645 tionem
463 1587 498 1645 et
526 1578 733 1646 divisionem
767 1589 1050 1666 corrumpuntur,
1075 1581 1219 1667 ideoque
1247 1583 1285 1648 in
1307 1583 1363 1649 die
1388 1584 1448 1650 illa

237 1710 279 1775 10
302 1712 488 1791 generatur
506 1711 542 1769 et
560 1704 732 1771 formatur
746 1705 854 1770 febris
873 1709 1065 1791 quartana]

392 1829 589 1907 Quartanae
617 1830 724 1895 febris
753 1829 856 1913 (sieut
888 1837 923 1896 et
951 1830 1098 1896 aliarum
1130 1831 1293 1913 febrium)
1324 1841 1448 1899 natura

302 1965 337 2022 et
366 1956 456 2021 rat-io
481 1955 677 2043 quaerenda
696 1963 748 2021 est
773 1978 815 2021 ex
839 1955 1052 2043 Hippocrate
1077 1964 1111 2020 et
1136 1955 1354 2044 principibus
1378 1982 1447 2024 me·

302 2079 402 2165 dicis,
427 2089 462 2146 et
492 2080 536 2146 ad
565 2080 655 2146 hanc
684 2088 794 2146 rotam
815 2080 961 2146 subinde
985 2080 1180 2166 referenda,
1199 2081 1447 2148 considerando

302 2229 343 2271 aa
362 2229 449 2290 quae
468 2228 573 2292 supra
592 2205 801 2289 dictasunt,
821 2212 856 2270 et
875 2206 1046 2291 quomodo
1070 2206 1107 2272 in
1132 2206 1276 2273 diversis
1300 2207 1448 2293 regioni-

239 2333 279 2398 lo
302 2331 366 2397 bus
393 2338 428 2397 et
457 2330 616 2396 domibus
644 2330 799 2397 varietur
828 2330 995 2397 sumendo
1014 2330 1105 2397 vires
1123 2339 1158 2396 et
1178 2332 1364 2420 perdendo,
1385 2331 1446 2398 ubi

301 2464 427 2523 natura
450 2456 562 2521 vineit
581 2479 685 2544 supra
708 2457 866 2522 morbum
890 2478 950 2523 seu
971 2507 1125 2522 ...........
1151 2463 1231 2524 actu
1257 2507 1443 2523 .............

302 2605 361 2648 seu
379 2581 518 2648 morbus
537 2604 642 2669 supra
661 2588 835 2665 naturam,
856 2587 890 2646 et
910 2604 978 2668 quo
1003 2580 1123 2648 ordine
1142 2589 1268 2648 natura
1287 2581 1445 2669 acquirat

301 2714 422 2773 contra
450 2731 549 2774 suum
580 2730 763 2773 numerum
791 2714 826 2773 et
856 2706 900 2773 ad
918 2707 1100 2774 victoriam
1130 2708 1297 2795 procedat
1326 2709 1381 2774 vel
1400 2708 1444 2774 ad

301 2831 540 2919 perditionem.
561 2833 632 2900 Ubi
650 2839 776 2898 natura
794 2832 905 2899 vincit
924 2855 1028 2921 supra
1061 2833 1220 2900 morbum
1239 2843 1274 2900 et
1293 2833 1444 2921 perfecte

233 2972 277 3034 20
299 2957 412 3022 morbi
432 2960 612 3023 materiam
631 2957 839 3041 dissolverit,
862 2980 932 3024 non
951 2957 1079 3024 redibit
1097 2959 1135 3024 in
1155 2964 1318 3044 quartum
1338 2958 1443 3042 diem,

299 3090 334 3147 et
369 3084 539 3171 completa
567 3089 618 3148 est
648 3083 816 3166 victoria;
846 3084 875 3149 si
907 3083 1130 3151 dominentur
1154 3109 1172 3150 e
1200 3093 1322 3151 contra
1353 3085 1444 3150 vires

300 3208 412 3274 morbi
449 3215 591 3295 propter
629 3209 906 3276 attenuationem
931 3210 1108 3275 crassioris
1141 3210 1235 3276 illius
1264 3211 1442 3292 materiae,

298 3333 399 3420 signa
418 3357 459 3399 ex
478 3334 555 3399 istis
574 3334 755 3400 effectibus
775 3335 968 3423 capientur;
993 3359 1072 3401 nam
1092 3336 1153 3402 ubi
1174 3337 1319 3402 materia
1337 3336 1445 3403 febris

298 3466 489 3544 quartanae
519 3468 571 3525 est
604 3459 761 3544 crassior,
792 3460 867 3547 ipsa
894 3459 1002 3526 febris
1030 3459 1164 3527 tardius
1195 3461 1383 3527 revertitur
1407 3460 1444 3526 in

232 3599 275 3663 25
299 3592 423 3668 quarta
443 3584 509 3668 die,
539 3584 709 3669 siquidem
738 3593 864 3652 natura
895 3585 1010 3652 minus
1034 3585 1139 3652 habet
1168 3586 1277 3673 spacii
1306 3593 1341 3652 et
1360 3594 1444 3653 tern-

299 3709 394 3795 poris
413 3710 451 3776 in
467 3709 669 3796 regionibus
698 3709 755 3775 OB
786 3718 821 3776 et
849 3711 924 3776 AD.

390 3907 438 3957 1.a
454 3908 510 3957 tria
522 3903 658 3958 materiae
672 3907 735 3971 ipsa
746 3905 792 3956 M:
807 3903 837 3955 in
852 3902 971 3956 materia
981 3904 1053 3970 ipsis
1066 3904 1145 3955 Lnllo
1157 3921 1201 3969 op.
1216 3904 1258 3955 cit
1271 3900 1372 3970 pss3ffl¹r
1388 3922 1444 3958 ma-

298 3983 891 4053 toriaaipsisX,Mceancbesubiecteff)
956 3985 1300 4051 5quseXLclt.:om.M
1359 3988 1444 4038 fima-

296 4070 387 4118 tcrica
408 4066 440 4118 M
500 4065 644 4131 rgrcdus
663 4067 767 4132 quarti]
787 4066 892 4130 gradus
915 4071 1041 4131 quatuor
1062 4065 1135 4117 Lull.
1198 4067 1391 4117 8mstorinm
1414 4067 1447 4118 M

296 4149 335 4199 11.
345 4150 377 4197 26
393 4148 556 4209 Quartanae
573 4145 751 4198 febris-CB
768 4152 798 4196 et
814 4146 875 4205 AD]
899 4146 988 4197 invoca
1007 4147 1037 4197 X
1057 4146 1093 4196 ha
1116 4147 1149 4196 In
1170 4147 1253 4197 domo
1276 4147 1322 4197 Bo
1340 4153 1444 4199 natura

297 4235 436 4293 quantum
451 4233 546 4293 potest
560 4229 715 4281 concordat
729 4227 785 4276 duo
800 4231 907 4292 puncta
920 4226 1011 4292 ipsius
1026 4229 1057 4289 B,
1074 4233 1108 4276 ut
1120 4227 1240 4278 materis
1252 4229 1382 4279 subiecto
1396 4235 1442 4279 etc.

298 4313 327 4358 at
344 4309 415 4358 illud
433 4315 602 4374 sequoretur
615 4309 690 4358 idem
708 4309 738 4358 in
756 4307 835 4370 aliis,
849 4307 902 4357 ciet
919 4307 990 4358 Lull.
1006 4323 1036 4371 p.
1055 4299 1104 4356 32b
1121 4324 1168 4358 con
1185 4304 1309 4358 varianti
1328 4306 1358 4357 di
1378 4325 1444 4373 poco

297 4395 372 4440 conto
437 4388 466 4438 13
482 4388 706 4440 referendarum
767 4390 798 4440 19
814 4388 905 4440 vincit
917 4403 1004 4454 supra
1014 4388 1143 4439 morbum
1155 4387 1446 4439 etuell'iuterliucaM

297 4471 328 4520 22
346 4468 495 4520 crassioris
508 4469 558 4518 due
570 4469 635 4520 volte
647 4469 677 4518 Μ
685 4470 692 4503 ¹
751 4469 783 4519 24
797 4487 813 4518 a
830 4486 846 4517 s
861 4487 877 4516 s
894 4486 910 4516 a
926 4467 1036 4519 tardius
1048 4467 1081 4518 M
1085 4472 1092 4504 ¹

431 4565 507 4605 Burri
523 4564 577 4613 Opp.
591 4563 630 4602 tar.
647 4563 688 4602 111.
1252 4562 1278 4604 '16
