3488 5108
296 370 355 428 550
735 383 875 431 roccum
896 383 999 430 aavur

294 539 348 605 nis
362 562 515 605 summae
532 539 737 623 medicinae,
751 539 788 604 in
800 539 950 604 maxime
966 537 1156 604 mortiferis
1168 560 1238 604 nou
1251 539 1445 606 mediocria

294 666 387 731 vitae
406 665 554 750 semina,
580 687 720 751 prorsus
749 665 855 730 etiam
874 665 1128 731 contrariorum
1155 665 1367 753 principium
1388 665 1445 731 vi-

292 788 393 855 detur
411 813 483 855 esse
502 812 623 874 unum,
643 811 713 855 una
731 789 847 872 radix,
873 789 963 856 sicut
985 788 1145 876 pluribus
1168 789 1383 856 ostendimus
1402 789 1444 856 in

290 915 379 981 libro
392 916 434 980 de
446 915 611 1001 dialogis:
631 914 779 1003 Causa,
801 914 1018 1002 Principio
1038 922 1078 980 et
1101 916 1200 983 Uno
1220 915 1443 1003 Principium

247 1043 267 1105 5
290 1039 511 1106 exaltationis
535 1046 588 1106 est
610 1040 775 1106 materiae
795 1039 987 1127 depressio,
1007 1047 1043 1105 et
1067 1039 1231 1106 ultimum
1246 1039 1442 1127 depressio·

290 1165 344 1230 nis
363 1165 455 1231 idem
476 1171 528 1231 est
547 1164 769 1251 exaltationis
788 1163 1020 1253 principium,
1041 1164 1169 1232 idcirco
1189 1188 1268 1232 cum
1285 1165 1375 1232 nihil
1393 1165 1443 1231 sit

289 1291 414 1357 stabile
438 1299 472 1358 et
497 1294 613 1359 omnia
637 1294 770 1360 incerta
800 1293 961 1360 circulari
983 1293 1225 1360 vicissitudine
1244 1295 1443 1360 consistant

290 1417 345 1481 vel
375 1417 477 1484 modo
507 1419 634 1485 circulo
655 1419 774 1502 simili,
793 1426 832 1485 ut
861 1419 946 1485 alibi
977 1418 1243 1502 declaravimus,
1263 1442 1441 1486 summum

288 1542 417 1608 malum
434 1564 503 1609 non
517 1543 618 1611 datur
638 1567 748 1629 neque
767 1566 938 1609 summum
955 1543 1099 1627 bonum,
1120 1543 1213 1629 quod
1228 1543 1266 1608 in
1286 1544 1440 1630 quadam

224 1674 264 1736 10
287 1668 435 1734 notabili
459 1669 641 1736 duratione
669 1670 853 1751 consistat,
879 1669 961 1735 hinc
991 1668 1079 1761 illud
1109 1668 1224 1757 ‘peior
1252 1677 1304 1736 est
1323 1678 1439 1736 morte

286 1793 391 1858 timor
409 1794 483 1881 ipse
507 1794 656 1860 mortis'.
706 1836 709 1845 =

374 1920 504 1985 Verum
525 1928 565 1986 ut
584 1921 628 1986 ad
647 1921 863 2008 propositum
881 1920 1075 2006 redeamus,
1093 1919 1198 1986 habet
1218 1922 1255 1998 d
1272 1943 1351 1986 suas
1365 1921 1439 1986 vir-

286 2051 391 2127 tutes,
417 2045 447 2125 ὴ
470 2069 548 2111 suas
569 2068 639 2111 nou
658 2046 772 2111 minus
792 2069 896 2131 quam
916 2045 1115 2132 quicunque
1133 2045 1238 2130 alius,
1256 2046 1338 2111 licet
1356 2047 1439 2133 qui·

285 2169 431 2236 busdam
447 2172 661 2259 respectibus
674 2195 733 2237 seu
746 2171 974 2237 relationibus
991 2170 1035 2237 ad
1051 2170 1220 2256 quaedam
1232 2171 1436 2238 huiusmodi

220 2300 261 2361 le
285 2296 459 2379 dicantur,
489 2297 768 2383 quandoquidem
798 2295 841 2362 ad
871 2296 963 2362 bona
986 2285 1058 2376 Qffl'
1092 2296 1122 2376 ἣ
1146 2296 1301 2381 adducit,
1329 2303 1370 2363 ut
1389 2297 1436 2363 ad

284 2422 534 2489 sublimitatem
558 2424 750 2508 humilitas,
781 2447 863 2512 ergo
886 2425 998 2491 bonus
1011 2448 1018 2508 3
1047 2425 1091 2490 ad
1118 2425 1210 2491 mala
1233 2414 1293 2504 hm
1319 2425 1352 2504 91
1374 2425 1434 2490 ad-

285 2547 396 2635 ducit,
427 2557 466 2614 ut
496 2550 656 2635 ambitio,
684 2551 795 2636 gloria
831 2573 934 2634 vana,
966 2549 1127 2636 tyrannis
1155 2550 1198 2616 ad
1225 2555 1432 2637 egestatem,

284 2683 418 2760 egestas
443 2677 600 2742 accendit
630 2677 798 2760 studium,
829 2676 982 2742 studium
1013 2676 1181 2764 comperit
1205 2684 1310 2762 artes,
1336 2684 1432 2744 artes

283 2800 438 2885 divitias,
460 2802 604 2867 divitiae
623 2803 787 2867 honorem
817 2810 850 2867 et
870 2801 1030 2888 gloriam,
1055 2801 1220 2867 honoret
1243 2802 1355 2888 gloria
1375 2826 1432 2868 su-

217 2933 260 2994 20
283 2927 440 3012 perbiam
474 2934 508 2992 et
542 2928 778 3013 tyrannidem,
807 2927 890 2992 haec
925 2927 1028 3010 bella,
1061 2927 1151 2993 bella
1186 2927 1430 3012 desolationeS,

285 3059 520 3139 paupertateS,
542 3059 727 3140 paupertas
747 3075 883 3117 rursum
911 3053 1034 3116 studia.
1055 3053 1178 3137 Itaque
1197 3076 1238 3118 ex
1266 3053 1430 3119 omnibus

285 3179 398 3243 aditus
429 3187 480 3244 est
505 3178 548 3243 ad
579 3179 708 3261 omnia,
737 3186 771 3243 et
802 3178 920 3243 eadem
950 3177 1140 3263 respective
1171 3177 1262 3242 bona
1290 3184 1430 3243 suntet

282 3305 385 3386 mala,
405 3305 617 3391 principium
646 3306 814 3369 bonorum
844 3311 878 3367 et
904 3303 1073 3368 malorum
1100 3309 1134 3367 et
1157 3301 1237 3367 finis
1257 3301 1428 3369 bonorum

282 3437 316 3494 et
347 3430 533 3511 malorum;
562 3430 643 3495 talis
666 3428 869 3494 vicissitudo
894 3434 945 3493 est
974 3428 1011 3492 in
1041 3429 1161 3493 ordine
1191 3429 1423 3515 planetarum,

214 3568 257 3631 25
280 3558 361 3623 talis
379 3565 430 3622 est
449 3559 484 3622 in
505 3559 744 3624 vicissitudine
763 3579 949 3643 regnorum
969 3565 1003 3621 et
1022 3555 1113 3621 fatis.
1135 3558 1239 3622 Mitto
1256 3557 1426 3624 circulum

280 3687 550 3772 Pythagoricum
565 3696 598 3752 et
612 3687 828 3752 Platonicum
846 3685 887 3750 de
904 3684 980 3750 Diis
993 3693 1027 3750 et
1043 3685 1204 3751 heroibus
1219 3685 1426 3751 descenden-

281 3813 374 3878 tibus
394 3836 500 3897 usque
520 3813 562 3877 ad
581 3812 792 3899 profundum
824 3814 1061 3897 tenebrarum,
1083 3819 1178 3877 etex
1202 3812 1262 3877 illo
1286 3836 1424 3879 rursum

281 3947 358 4004 rota
381 3938 545 4025 temporis
566 3947 600 4003 et
619 3939 872 4003 aeviternitatis
892 3939 1124 4003 discurrentes
1144 3938 1188 4003 ad
1205 3961 1354 4025 superna
1373 3963 1425 4005 re·

1285 4122 1416 4131 ——-

371 4212 387 4260 3
403 4211 479 4260 sicut
493 4228 508 4257 a
524 4228 540 4257 a
555 4208 587 4259 M
592 4212 598 4244 ¹
662 4211 677 4259 4
693 4211 768 4260 libro
782 4211 816 4260 de
829 4209 959 4270 dialogis]
978 4210 1014 4272 cf.
1029 4228 1047 4258 a
1057 4227 1087 4272 p.
1101 4211 1165 4270 510,
1179 4210 1212 4259 10
1276 4214 1346 4276 Opp.
1359 4212 1420 4264 ital.

275 4309 304 4356 p.
328 4294 380 4341 285
401 4308 455 4355 sqq.
483 4291 564 4356 Lep,
588 4289 771 4354 speciulmeutc
792 4309 822 4356 p.
851 4292 912 4349 288,
928 4293 962 4338 32
987 4307 1042 4354 sqq.
1107 4293 1122 4341 5
1145 4291 1292 4351 materiae]
1313 4290 1351 4342 sic
1372 4286 1420 4342 Ml

279 4373 356 4423 10.11
377 4374 445 4436 Opp.
463 4371 521 4423 ital.
537 4390 567 4436 p.
584 4373 669 4432 716st
687 4371 753 4437 Laq.
820 4373 849 4421 12
867 4372 982 4430 Verum]
999 4371 1020 4419 ἲ
1038 4371 1069 4419 Μ
1085 4372 1120 4437 (Ρ)
1185 4373 1215 4422 19
1231 4372 1362 4437 divitiae,
1380 4374 1421 4424 di·

278 4454 364 4504 vitiae
376 4453 438 4502 ucll’
449 4451 592 4503 interlineas
606 4453 638 4501 Μ
697 4454 729 4502 28
745 4453 940 4503 discurrentes
955 4451 1013 4520 etc]
1025 4450 1064 4502 ric
1078 4453 1108 4502 M
