3488 5108
295 397 355 454 ‘200
735 408 873 451 ronosrr
898 406 996 451 anvm

296 590 343 650 se,
364 563 708 657 aliquantuhunalia
727 568 780 629 est
799 563 842 629 ab
859 586 898 628 ea
915 584 1003 648 qnae
1019 567 1072 627 est
1089 561 1128 626 in
1147 560 1265 627 eodem
1284 560 1439 625 membro

296 689 482 755 secundum
501 712 573 755 rem
593 695 628 755 et
652 687 806 753 modum:
836 688 918 775 quia
945 687 1143 753 differentia
1171 692 1223 752 est
1250 686 1439 751 interram

295 821 330 880 et
362 815 500 881 modurn
534 815 602 898 rei,
635 815 725 880 siout
753 814 845 879 inter
871 813 1103 879 substantiam
1131 818 1166 877 et
1194 811 1371 894 accidens,
1403 810 1440 875 id

295 939 387 1029 quod
405 946 457 1005 est
480 945 514 1004 et
538 939 574 1005 id
598 960 666 1025 quo
685 947 751 1022 est;
769 939 862 1005 inter
881 938 1068 1005 seeundum
1088 961 1124 1003 se
1142 959 1225 1004 vero
1244 944 1280 1003 et
1298 958 1369 1002 non
1389 960 1439 1002 se·

251 1066 445 1132 beandum
473 1088 508 1130 se
536 1071 588 1130 est
616 1063 826 1147 differentia,
851 1072 892 1130 ut
911 1064 1003 1130 inter
1022 1065 1107 1130 duos
1131 1063 1271 1146 modOS,
1292 1084 1440 1148 quorum

294 1190 503 1276 significatio
520 1196 571 1255 est
588 1190 782 1256 manifesta.
796 1192 839 1255 In
855 1189 974 1255 eadem
990 1188 1176 1255 latitudine
1190 1195 1243 1254 est
1259 1187 1439 1255 distinctio

293 1315 480 1382 secundum
504 1315 689 1381 veritatem
713 1322 748 1381 et
771 1315 961 1381 seeundum
980 1313 1259 1397 similitudinem,
1284 1319 1324 1380 ut
1347 1313 1439 1398 qnod

292 1463 372 1506 vere
388 1447 440 1506 est
458 1441 588 1506 bonum
607 1463 667 1506 seu
687 1440 875 1506 secundum
894 1439 1091 1522 veritatem,
1112 1447 1147 1505 et
1169 1437 1260 1524 quod
1279 1437 1441 1504 similitu·

292 1565 426 1631 dinarie
446 1572 497 1631 est
517 1565 656 1631 bonnm.

228 1692 271 1755 10
383 1690 482 1769 Quod
500 1689 544 1756 ad
563 1690 823 1757 distinctionem
839 1712 927 1776 quae
943 1698 995 1756 est
1014 1688 1078 1775 (in)
1094 1689 1258 1769 brachiis
1273 1688 1439 1776 simplici-

292 1821 346 1881 ter
361 1815 489 1881 dicitur
505 1823 539 1881 et
559 1816 651 1902 quod
664 1821 715 1881 est
728 1817 884 1881 absolute
900 1815 969 1880 tale
986 1820 1020 1879 et
1037 1814 1131 1879 omni
1150 1814 1286 1879 ratione
1302 1814 1386 1896 tale,
1399 1821 1439 1879 ut

293 1940 497 2029 simpliciter
515 1940 644 2007 bonum
663 1939 753 2026 quod
770 1940 865 2007 omni
881 1942 1017 2006 ratione
1032 1946 1085 2004 est
1098 1941 1243 2022 bonum,
1258 1939 1295 2004 in
1312 1961 1439 2025 genere

292 2067 421 2131 bonum
443 2065 536 2151 quod
554 2066 611 2131 vel
628 2066 835 2132 naturaliter
854 2073 906 2131 est
924 2066 994 2131 tale
1013 2066 1068 2131 vel
1087 2065 1265 2130 moraliter
1293 2063 1364 2130 tale
1382 2065 1439 2131 vel

293 2190 544 2277 quodammodo
563 2192 643 2258 tale.

228 2316 268 2379 15
382 2316 481 2393 Quod
515 2316 559 2382 ad
592 2315 854 2383 distinctionem
886 2316 1055 2381 femorum
1067 2306 1079 2397 ,¹
1108 2315 1275 2403 primario
1310 2314 1439 2380 dicitur

293 2440 385 2525 quod
421 2440 693 2528 independenter
730 2442 844 2527 ipsum
875 2449 910 2506 et
946 2464 966 2506 a
997 2463 1064 2527 quo
1097 2439 1333 2528 dependenter
1369 2440 1438 2506 alia

293 2573 374 2631 sunt
392 2566 600 2648 huiusmodi,
624 2573 744 2632 contre
764 2567 856 2651 qnod
875 2565 1087 2634 secundario.

383 2691 481 2770 Quod
505 2691 548 2758 ad
571 2691 832 2758 distinctionem
856 2715 944 2778 quae
967 2700 1020 2757 est
1043 2692 1080 2757 in
1104 2692 1213 2772 noxie,
1243 2691 1436 2759 essentiali·

293 2824 346 2883 ter
365 2819 433 2882 tale
453 2827 505 2883 est
528 2818 616 2883 illud
639 2818 730 2903 quod
754 2818 964 2884 declaratum
988 2825 1041 2884 est
1058 2818 1246 2883 secundum
1265 2817 1437 2883 rationem

227 2941 271 3007 ‘20
293 2943 478 3026 essentiae,
503 2943 749 3030 participative
772 2966 853 3008 vero
877 2943 1005 3010 dicitur
1028 2952 1148 3030 postea
1172 2942 1264 3030 quod
1283 2943 1364 3008 inde
1383 2943 1439 3007 de·

293 3071 508 3145 nominatum
524 3070 615 3135 unde
631 3070 862 3136 essentialiter
881 3072 1010 3136 bonum
1026 3079 1078 3136 est
1097 3071 1173 3158 ipsa
1192 3071 1344 3154 bonitas,
1361 3070 1437 3157 ipsa

293 3197 365 3279 lux,
384 3194 630 3283 participative
653 3218 734 3261 vero
763 3203 815 3261 est
844 3196 957 3282 ipsum
976 3196 1119 3279 bonnm,
1145 3204 1196 3262 est
1220 3197 1335 3284 ipsum
1353 3196 1439 3261 luci·

294 3321 384 3386 dum
414 3321 524 3386 Simul
554 3321 718 3386 dicuntur
745 3343 890 3406 quornm
924 3323 1070 3387 alterum
1095 3344 1165 3386 non
1190 3330 1242 3387 est
1265 3322 1437 3408 posterius

294 3449 416 3530 altere,
436 3449 628 3513 successiva
647 3469 734 3533 quae
754 3448 883 3513 habent
902 3446 1058 3513 ordinem
1077 3447 1265 3512 secundum
1285 3447 1382 3533 prius
1401 3453 1437 3511 et

227 3581 270 3643 ‘25
293 3573 473 3658 posterius,

299 3771 446 3778 —---.
459 3772 690 3779 -—...--.-ae—-.-.—
967 3769 1431 3778 ·—-.—-.-———-——-—-

388 3890 418 3940 10
431 3890 460 3939 in
475 3906 523 3939 om.
538 3889 562 3938 A
628 3891 656 3937 ll
671 3886 784 3937 innanzi
797 3888 836 3936 nd
849 3894 878 3937 et
895 3888 972 3937 omni
987 3887 1105 3938 carmello
1122 3894 1156 3939 ut
1172 3891 1195 3937 si
1216 3887 1280 3954 (ciet
1297 3906 1381 3938 avosca
1398 3906 1438 3939 co·

293 3968 420 4019 stiracis-to
435 3975 468 4020 ut
480 3968 660 4034 simpliciter)
675 3971 698 4018 A
764 3972 794 4018 18
808 3968 887 4018 conis
904 3968 937 4017 Μ
940 3985 946 4018 :
962 3967 1051 4018 costis
1063 3970 1084 4018 A
1152 3971 1189 4019 19.
1200 3971 1231 4020 20
1247 3970 1319 4020 illud
1337 3986 1437 4020 secun·

294 4051 362 4100 dum
379 4052 455 4116 quod
472 4052 648 4100 declaratum
668 4056 713 4098 est
728 4051 840 4100 ratione
858 4051 1000 4100 essentiae
1012 4049 1045 4099 Μ
