3488 5108
289 368 348 425 304
538 404 541 409 -
728 377 868 422 manain
888 376 990 423 anvm

289 536 413 620 (omnis
432 535 524 600 enim
542 533 630 599 ratio
651 539 755 618 atque
769 555 894 598 nomeu
913 539 966 598 θεῖ
984 555 1004 597 a
1023 531 1157 616 forma);
1175 543 1358 622 propterea
1377 560 1427 600 εθ-

289 661 438 726 eundum
458 665 543 726 seat
563 659 720 724 absolute
739 665 791 723 θεῖ
810 657 1034 738 indefinibile,
1056 658 1319 745 innominabile,
1338 660 1428 727 ineo-

288 786 487 874 gnoscibile.
504 783 733 871 Cognoscitur
748 789 871 865 autem,
884 783 1082 849 nominatur
1101 784 1327 869 etdefinitur,
1339 785 1428 852 sicut

288 912 440 1000 primum
455 908 688 996 Pythagorici,
709 906 833 973 deinde
847 907 1006 974 Timaeus
1026 915 1060 974 et
1075 907 1204 1000 (Plato)
1222 909 1425 995 docuerunt,

243 1046 348 1124 bper
367 1036 539 1122 quandam
566 1033 776 1122 analogiam,
801 1033 838 1099 id
865 1041 917 1100 θεῖ
939 1032 1203 1100 similitudinem
1232 1040 1266 1099 θῖ
1284 1058 1426 1124 propor·
1519 1012 1521 1017 .

288 1163 419 1229 tionem
449 1161 492 1227 ad
524 1160 678 1227 subiecta
707 1181 821 1226 rernm
849 1158 1092 1225 artificialium.
1117 1158 1215 1245 Siout
1243 1160 1335 1226 anim
1360 1184 1430 1229 una

288 1294 449 1353 manente
468 1285 612 1352 materia
632 1285 695 1352 sub
715 1291 789 1350 arta
808 1283 899 1351 fabri
918 1284 1059 1371 lignarii
1078 1284 1115 1349 in
1132 1284 1291 1350 omnibus
1311 1285 1428 1352 eadem

289 1419 393 1499 atque
416 1436 499 1496 una,
534 1434 622 1498 quae
642 1434 703 1499 per
736 1410 832 1476 illam
866 1416 975 1497 antem
1008 1409 1112 1495 fiunt,
1147 1410 1237 1475 eirca
1262 1433 1370 1477 unum
1394 1417 1428 1476 et

288 1537 380 1602 idem
399 1537 439 1601 fit
469 1535 581 1602 omnis
601 1534 764 1617 mutati03
784 1535 834 1599 ita
864 1533 968 1599 etiam
987 1534 1025 1598 in
1054 1534 1279 1601 multitudine
1304 1535 1426 1602 sorma-

224 1680 267 1744 10
288 1685 377 1745 rum,
399 1684 483 1748 quas
503 1669 627 1728 natura
643 1661 681 1725 in
697 1666 855 1747 apertum
870 1658 1046 1762 producit,
1061 1682 1168 1726 unum
1184 1661 1428 1727 tantummodo

287 1789 480 1854 subiectum
499 1787 695 1873 intelligere
718 1792 870 1872 oportet,
895 1785 959 1851 hoo
982 1763 1064 1851 vero
1086 1785 1281 1852 subiectum
1305 1808 1427 1872 eogno-
1488 1856 1492 1861 ,

287 1915 394 1980 scitur
413 1913 524 1979 adhue
546 1934 608 1999 per
626 1909 820 1997 analogiam
841 1909 885 1976 ad
908 1909 1036 1976 formas
1054 1911 1219 1995 diversas,
1241 1933 1329 1996 queo
1352 1933 1426 1976 suo-

286 2039 415 2105 oeeaive
445 2039 518 2104 fieri
544 2036 707 2104 videntur
731 2037 821 2102 eirea
845 2037 973 2124 ipsum;
998 2036 1089 2122 quod
1107 2036 1198 2101 enim
1218 2041 1293 2101 erat
1312 2036 1424 2118 oibuS,

287 2165 409 2232 deinde
429 2172 480 2231 θεῖ
499 2163 633 2250 ehylus,
665 2162 788 2228 deinde
812 2162 967 2250 sanguia,
993 2162 1073 2228 inde
1092 2184 1240 2249 sperma,
1260 2160 1340 2227 inde
1360 2183 1427 2225 em·
1470 2199 1475 2208 ·

222 2305 262 2367 15
286 2292 386 2378 bryo,
402 2297 437 2356 et
455 2290 505 2354 ita
524 2287 693 2374 deinceps.
719 2287 760 2353 In
780 2287 856 2353 istis
880 2286 1013 2371 formio,
1033 2287 1083 2352 ita
1107 2294 1227 2352 mutuo
1247 2285 1427 2352 succeden-

285 2415 378 2481 tibus
414 2422 453 2480 nt
489 2436 559 2479 una
593 2435 663 2478 non
697 2412 857 2478 succedat
888 2412 956 2477 nisi
987 2414 1095 2479 altera
1126 2412 1288 2495 abeunte,
1320 2411 1426 2477 mani·

285 2541 411 2607 foetum
432 2547 482 2606 est
502 2539 594 2626 quod
605 2560 675 2604 una
688 2537 798 2603 forma
817 2537 1055 2603 substantialis
1075 2559 1145 2602 non
1163 2537 1287 2624 recipit
1306 2537 1422 2620 aliam,

284 2666 344 2732 sed
364 2665 368 2754 l
390 2673 442 2732 θεῖ
460 2664 625 2751 quiddam
649 2663 806 2745 tertium,
831 2663 922 2750 quod
946 2685 1023 2728 eum
1046 2663 1143 2750 priua
1167 2669 1255 2727 θεεθῖ
1273 2662 1336 2727 sub
1355 2661 1423 2726 ista
1449 2666 1579 2743 1970

285 2792 410 2873 forma,
442 2789 587 2856 subinde
617 2796 669 2854 θεῖ
693 2789 756 2853 sub
780 2789 862 2871 alia,
894 2795 928 2852 et
951 2787 1073 2853 deinde
1098 2787 1216 2853 ordine
1240 2793 1274 2853 et
1293 2786 1422 2852 vicissi-

219 2936 262 2997 ρο
288 2918 407 2983 tudine
427 2916 492 2981 erit
512 2915 575 2980 snb
596 2913 770 2979 omnibus:
791 2913 851 2979 illa
867 2921 918 2980 est
937 2914 1091 2978 materia.

373 3062 405 3099 n.
428 3041 550 3125 Itaque
571 3040 702 3105 (lictum
718 3048 770 3104 θεῖ
786 3040 827 3104 de
843 3040 1038 3126 principiul,
1057 3039 1227 3124 quomodo
1243 3037 1323 3121 duo,
1343 3061 1423 3124 quo·
1447 3051 1583 3112 31vB

284 3166 384 3231 modo
414 3166 526 3252 plura,
557 3163 844 3250 quemadmodum
874 3165 940 3229 duo
974 3171 1055 3229 sunt
1084 3163 1257 3230 contraria
1286 3170 1320 3228 et
1350 3162 1420 3227 illia

283 3290 422 3375 aliquod
438 3290 579 3355 tertium
592 3289 715 3354 subiici
732 3296 898 3376 oporteat.
913 3291 1019 3355 Porro
1036 3289 1205 3374 quomodo
1219 3312 1254 3353 εθ
1270 3289 1422 3354 habeant

282 3414 455 3503 principia
478 3413 688 3480 adinvicem
718 3423 752 3478 et
776 3414 859 3499 quid
883 3415 929 3480 sit
958 3415 1164 3496 subiectum,
1185 3438 1255 3480 non
1278 3421 1329 3479 θεῖ
1354 3437 1421 3478 ma-

217 3556 260 3620 25
284 3541 456 3606 infestum.

372 3686 404 3723 τι.
427 3666 502 3730 Ηοθ
521 3672 639 3729 antem
670 3672 709 3729 ut
728 3673 859 3751 pateat,
884 3665 996 3752 primo
1025 3665 1226 3730 solvendum
1253 3672 1304 3730 ost
1323 3688 1419 3750 argu-

283 3800 436 3856 mentum
457 3791 694 3874 antiquorum,
721 3791 779 3874 qui
799 3790 887 3855 nibil
917 3791 991 3855 fieri
1011 3791 1186 3874 dicebant,
1208 3790 1420 3875 (plaudoqui-

284 3917 361 3981 (lem
381 3917 410 3980 si
430 3916 563 4001 aliquid
593 3917 645 4001 fit,
666 3923 726 3981 aut
756 3916 855 3980 fitex
880 3917 1030 4003 eoquod
1061 3924 1127 3998 est,
1149 3941 1207 3981 seu
1238 3925 1419 4003 postquam

370 4217 383 4264 l
403 4221 553 4280 propterea
578 4214 615 4262 B:
640 4217 754 4277 propter
778 4212 800 4262 O
876 4212 1050 4275 lll¹y1nuaue
1069 4213 1095 4262 Ε
1174 4211 1283 4269 (Plato)
1305 4227 1354 4260 om.
1376 4211 1418 4276 E5

285 4298 320 4359 (γ’.
339 4294 450 4360 l’tilop.
467 4294 552 4358 Phys.
567 4311 597 4357 p.
617 4296 672 4354 10²2,
689 4295 706 4341 4
720 4309 773 4357 sqq.
839 4294 920 4358 Sper
937 4294 1015 4342 illam
1033 4300 1123 4343 artem
1142 4293 1178 4341 B:
1202 4308 1251 4357 per
1275 4299 1365 4342 artem
1388 4292 1421 4340 il·

284 4377 341 4425 lam
364 4376 386 4427 0
455 4376 492 4424 1-1.
506 4375 536 4424 15
560 4372 668 4424 embrio
692 4373 719 4422 E
787 4374 818 4423 '2¹2
836 4368 907 4440 {ua
931 4372 995 4436 (ciet
1016 4374 1264 4439 eluemadmodum)
1286 4372 1324 4422 E:
1340 4373 1419 4436 soree

284 4455 513 4522 quandoquidem
576 4454 608 4504 23
617 4456 644 4518 f.
657 4458 770 4520 oportet
