3488 5108
658 419 789 466 taurus
809 418 968 469 munuera
990 421 1196 470 srarvaavu.
1442 410 1500 470 173

357 583 433 661 tur,
462 576 610 664 perdant
640 600 712 644 esse
741 578 921 666 proprium
948 600 1010 668 per
1037 580 1378 666 transmutationem,
1404 581 1502 668 quasi

357 702 577 769 restituentia
596 704 819 772 universitati
839 706 930 793 quod
953 707 997 773 ab
1025 708 1253 775 universitate
1282 714 1502 796 reeeperant,

357 833 470 895 totum
490 850 571 896 vero
590 852 650 897 seu
669 829 870 898 universum
889 854 960 899 non
980 834 1221 922 eorrumpitur.

446 955 543 1023 XVI.
569 956 668 1035 Quod
686 958 835 1046 tempori
858 979 929 1026 non
952 959 1083 1043 subest,
1111 968 1147 1027 et
1165 967 1415 1048 oonsequenter
1439 984 1502 1027 neo

313 1085 334 1147 5
357 1084 546 1150 mutationi
564 1107 628 1151 nee
646 1086 768 1155 motui.

447 1211 562 1278 XVII.
589 1211 688 1291 Quod
718 1219 771 1279 est
801 1212 957 1280 divinum
989 1215 1045 1279 vel
1074 1213 1203 1281 divinis
1231 1214 1351 1301 affine,
1380 1222 1503 1304 utpote

359 1335 528 1421 quietum,
548 1337 794 1422 tranquillum,
813 1361 884 1405 non
903 1338 940 1405 in
958 1337 1034 1424 lite,
1055 1339 1114 1406 sed
1129 1346 1228 1407 extra
1245 1339 1353 1407 litem.

448 1460 583 1527 XVIII.
594 1461 694 1540 Quod
713 1471 766 1530 est
784 1463 949 1551 quiequid
963 1487 1035 1532 esse
1046 1471 1174 1553 potest,
1200 1472 1235 1532 et
1254 1473 1503 1552 consequenter

284 1643 288 1649 .
359 1591 553 1658 nonhabet
572 1592 765 1679 potentiam
785 1593 828 1660 ad
851 1593 1050 1660 ulteriorem
1078 1602 1194 1660 aetum
1225 1615 1337 1680 neque
1363 1594 1406 1661 ad
1436 1594 1505 1682 pri-

295 1721 338 1784 10
359 1719 545 1786 vationem.

448 1844 551 1910 XIX.
576 1844 675 1923 Quod
694 1866 828 1933 semper
847 1846 884 1912 iu
908 1845 1027 1913 eadem
1050 1845 1162 1934 figura
1190 1855 1224 1913 et
1251 1845 1363 1913 forma
1393 1847 1504 1914 oonsi-

360 1969 433 2054 stit,
447 1969 502 2034 vel
514 1969 740 2057 infiguratum
753 1974 787 2036 et
798 1968 1024 2037 informatum
1038 1980 1089 2038 est
1099 1980 1242 2060 propter
1257 1971 1330 2038 eius
1342 1970 1506 2061 simpliei-

360 2101 478 2160 tatem.
491 2094 580 2161 Item
594 2095 684 2180 quod
700 2118 835 2183 semper
850 2102 901 2162 est
916 2096 954 2162 in
970 2096 1088 2163 eadem
1106 2097 1233 2184 figura,
1244 2096 1333 2164 mola
1350 2103 1384 2163 et
1397 2118 1505 2184 quan-

360 2220 474 2305 titate;
494 2220 584 2287 hano
602 2220 699 2308 prius
718 2221 810 2287 enim
827 2222 955 2311 mutari
974 2244 1111 2289 necesse
1130 2228 1200 2307 est,
1225 2243 1330 2308 quam
1348 2220 1502 2309 figurari.

296 2345 337 2409 15
448 2346 532 2412 XX.
547 2346 646 2436 Quod
658 2368 728 2413 non
744 2346 967 2415 adolescendo
984 2355 1019 2415 et
1036 2347 1218 2415 crescendo
1234 2354 1286 2415 eet
1300 2347 1503 2436 perfeetum,

359 2469 443 2537 item
462 2470 555 2558 quod
574 2478 821 2558 consequenter
839 2471 877 2538 in
900 2472 1107 2540 seneaoendo
1125 2494 1196 2540 non
1220 2472 1369 2539 declinet
1388 2479 1424 2539 et
1442 2471 1504 2538 im·
1529 2480 1645 2546 169ν

359 2596 529 2664 mutabile
547 2605 607 2665 est.

449 2723 551 2790 XXI.
583 2722 682 2802 Quod
704 2723 743 2789 in
766 2746 801 2790 se
824 2724 938 2812 ipsum
961 2724 1053 2810 fluit,
1078 2731 1113 2791 et
1137 2725 1239 2792 certis
1263 2724 1373 2813 tropis
1396 2746 1504 2811 quan-

359 2844 435 2916 tum
464 2848 625 2933 extrusit,
657 2848 863 2916 tantundem
890 2848 1056 2933 intrudit;
1075 2849 1166 2916 unde
1202 2849 1373 2916 elementa
1404 2848 1503 2917 aiunt

199 3058 203 3063 ι
294 2980 338 3045 20
360 2996 494 3062 semper
513 2973 551 3039 in
569 2972 689 3039 eadem
719 2973 915 3059 quantitate
946 2981 981 3041 et
1011 2975 1141 3041 virtute
1167 2996 1385 3062 perseverare
1416 2980 1504 3060 tota,

361 3100 442 3186 quia
461 3099 595 3165 ratione
615 3121 684 3184 qua
699 3098 867 3186 frigidum
886 3107 921 3166 et
940 3100 1121 3166 humidum
1137 3100 1173 3165 in
1190 3121 1260 3166 uno
1275 3100 1350 3166 loco
1367 3099 1505 3183 erescit,

360 3225 398 3290 in
416 3224 483 3290 alio
503 3222 682 3307 decrescit,
704 3224 786 3311 quia
802 3233 971 3312 quantum
987 3225 1068 3291 solis
1084 3224 1235 3290 efficacia
1250 3223 1446 3291 intenditur
1461 3223 1506 3290 ad

360 3372 483 3433 unum,
503 3350 711 3417 tantundem
729 3350 921 3416 remittitur
938 3350 982 3417 ad
1000 3349 1148 3416 alterum
1167 3349 1390 3438 tropieorum.

449 3475 570 3541 XXII.
594 3474 665 3544 Ubi
689 3475 833 3542 materia
862 3481 914 3542 est
945 3481 1108 3542 contenta
1138 3497 1199 3541 sua
1226 3473 1351 3560 forma,
1383 3481 1504 3563 utpote

294 3613 337 3677 25
361 3624 448 3688 quae
474 3601 590 3668 valeat
612 3602 749 3689 explere
774 3622 875 3667 suum
900 3601 1108 3689 appetitum,
1131 3606 1171 3666 ut
1191 3599 1231 3664 de
1250 3599 1396 3665 materia
1418 3588 1504 3665 coeli

360 3727 513 3814 fingitur,
548 3728 603 3794 vel
631 3727 691 3794 ubi
720 3735 772 3793 est
802 3724 913 3805 forma
933 3749 1019 3812 quae
1037 3725 1191 3793 vicissim
1209 3723 1419 3817 (materiam)
1438 3723 1506 3791 sibi

362 3852 499 3919 cohibet
517 3859 552 3918 et
571 3851 706 3939 obligat
725 3851 1013 3939 inseparabiliter.

851 4126 865 4154 n

453 4169 563 4226 tuero]
577 4165 603 4230 s.
622 4173 719 4218 tamen
794 4166 843 4217 4.5
865 4127 1019 4217 iintationi
1041 4171 1072 4218 et
1093 4181 1145 4218 neo
1166 4167 1189 4215 A
1255 4165 1270 4214 7
1294 4163 1394 4215 incerto
1413 4179 1440 4212 ae
1458 4163 1509 4214 sed

363 4266 377 4297 ο
391 4265 440 4300 seu
455 4249 494 4298 A:
507 4248 558 4298 sed
573 4253 655 4297 extra
667 4247 748 4297 litem
761 4263 809 4297 om.
822 4244 853 4296 Μ
916 4248 946 4296 16
962 4247 1038 4312 quod
1051 4246 1110 4297 noi:
1124 4262 1187 4298 oum
1203 4246 1272 4307 Au,
1288 4246 1322 4310 af.
1336 4261 1353 4294 a
1363 4262 1393 4308 p.
1409 4246 1455 4306 22,
1473 4246 1509 4294 22

362 4331 515 4380 lemnon
532 4327 658 4378 deelinet
680 4329 737 4377 erit
757 4327 938 4378 immutabile
958 4326 990 4376 M
1052 4330 1082 4378 la
1099 4327 1166 4378 fluit
1182 4341 1253 4378 corr.
1271 4327 1308 4375 A:
1327 4324 1427 4377 refluit
1442 4324 1510 4375 A¹l1

360 4413 391 4462 21
405 4410 518 4461 ratione
527 4410 573 4459 ποι·
583 4426 588 4459 :
600 4401 668 4460 5511
679 4425 685 4458 :
696 4406 771 4460 ratio
781 4407 812 4457 Μ
859 4408 890 4458 26
900 4408 992 4460 forma
1001 4408 1139 4473 vicissim,
1150 4423 1222 4475 quae
1233 4407 1361 4460 vicissim
1371 4407 1405 4458 11¹
1453 4420 1510 4457 ma·

361 4495 464 4546 teriam
475 4507 523 4543 our.
537 4493 574 4557 A,
588 4490 633 4542 ebe
647 4506 731 4540 aueua
743 4485 898 4541 cominciato
912 4503 985 4558 quae
1001 4492 1040 4556 (ri)
1056 4486 1144 4540 iuuere
1156 4487 1186 4540 dt
1201 4487 1259 4540 sibi
