3488 5108
282 384 323 444 42
721 397 862 442 rounam
882 396 984 443 naum

283 578 304 621 a
321 556 418 622 nullo
437 554 567 636 differt,
588 560 709 641 utpote
728 575 832 641 supra
847 574 984 619 emnem
1002 553 1248 635 differentiam,
1274 552 1429 618 alterita-

284 688 369 763 tem,
391 679 641 761 diversitatem,
662 677 923 745 multitudinem
942 687 978 743 et
996 677 1286 744 definibilitatem.

375 805 477 870 XIX.
501 802 758 870 Definientibue
774 826 834 870 eeu
853 802 1090 870 definitionem
1107 824 1171 891 pro
1191 801 1286 868 virili
1306 807 1430 868 attree-

284 930 441 998 tentibus
473 929 561 995 nihil
592 928 694 996 debet
728 951 801 995 esse
832 950 963 1012 eorum,
995 951 1082 1014 quae
1110 929 1291 994 intellectu
1319 926 1429 993 eenei-

240 1058 438 1145 5piuntur.

374 1182 457 1247 XX.
492 1179 790 1258 Quemadmodum
825 1202 988 1246 numerus
1017 1181 1105 1246 eitra
1135 1180 1308 1245 unitatem
1342 1178 1430 1244 nihil

260 1376 265 1385 ,
286 1315 351 1390 est,
370 1307 421 1372 ita
440 1307 573 1375 entium
601 1305 787 1371 multitudo
806 1312 842 1370 et
859 1306 1068 1372 universitas
1094 1306 1181 1371 eitra
1203 1305 1294 1370 hane
1317 1303 1429 1370 unita-

188 1430 191 1439 '
285 1440 356 1498 tem
376 1439 411 1498 et
429 1431 612 1497 veritatem
635 1437 687 1496 est
711 1426 810 1514 nihil,
832 1453 920 1517 quae
943 1431 987 1496 ab
1011 1429 1134 1498 iisdem
1157 1438 1318 1518 separata
1340 1429 1431 1496 nihi·

289 1557 440 1623 lominus
459 1563 511 1623 eet
528 1563 651 1622 totum.

222 1695 265 1758 10
375 1682 477 1748 XXI.
495 1682 551 1747 lta
567 1680 762 1768 intelligere
776 1688 914 1769 oportet
930 1704 1038 1748 unum
1054 1704 1139 1764 esse,
1157 1687 1198 1746 ut
1215 1680 1431 1768 concipiatur

286 1807 483 1874 absolutum
511 1807 554 1873 ab
582 1807 676 1873 omni
706 1807 950 1893 singularitate
980 1814 1015 1872 et
1045 1807 1288 1889 universitate;
1318 1828 1431 1891 neque

286 1933 379 1998 enim
395 1932 570 2020 singulare
586 1941 690 2017 atque
705 1931 924 1998 individuum
937 1940 998 2015 est,
1011 1955 1122 2018 neque
1135 1932 1345 2013 universale;
1362 1953 1432 1997 uon

287 2058 477 2144 singulare,
498 2058 579 2144 quia
598 2079 676 2122 eum
694 2056 790 2122 nullo
810 2057 973 2123 convenit
992 2056 1119 2143 speeie,
1144 2065 1269 2143 genere
1292 2056 1348 2121 vel
1372 2056 1433 2122 ali·

287 2206 356 2270 qua
373 2184 522 2264 ratione3
542 2204 614 2248 non
632 2183 841 2265 universale,
861 2184 1033 2269 quianon
1052 2189 1104 2248 est
1122 2180 1282 2269 pluribus
1306 2188 1431 2248 natura

223 2319 264 2384 15
288 2307 598 2377 communicabilis.

378 2434 499 2501 XXII.
519 2434 703 2499 Invenitur
719 2434 829 2518 abeo,
847 2434 907 2519 qui
923 2435 973 2500 ita
990 2433 1121 2500 attollit
1137 2457 1173 2499 se
1189 2456 1292 2521 supra
1305 2433 1430 2516 omnia,

288 2567 329 2627 ut
347 2559 522 2646 relinquat
541 2558 747 2647 omnia,pe1·
762 2559 940 2627 infinitum
957 2566 992 2625 et
1007 2559 1301 2625 interminabilem
1318 2582 1432 2624 aseen-

289 2709 365 2753 sum
377 2708 480 2774 super
493 2684 622 2768 omnia,
636 2708 755 2750 versus
770 2686 885 2772 ipsum
901 2692 1038 2752 tantum
1054 2684 1235 2768 tendenda,
1253 2706 1432 2769 nunquam

289 2821 406 2879 tamen
431 2810 644 2896 attingendo.
670 2811 773 2876 Hune
797 2811 888 2875 enim
914 2811 1046 2898 primus
1072 2817 1210 2875 tantum
1233 2809 1431 2877 intellectus

223 2949 267 3011 ‘20
289 2939 416 3004 dieitur
435 2937 619 3022 attingere,
638 2959 658 3000 a
678 2935 774 3001 nullo
794 2943 909 3002 autem
928 2943 1170 3023 praeterquam
1188 2958 1208 3001 a
1227 2942 1336 3000 semet
1356 2936 1433 3022 ipse

289 3062 448 3128 infinitus
467 3060 605 3126 infinito
625 3061 818 3147 exaequari.

378 3187 517 3251 XXIII.
536 3186 674 3251 Dicitur
690 3185 804 3250 omnia
816 3186 854 3250 in
867 3186 1036 3268 omnibus,
1053 3208 1095 3251 ex
1109 3208 1177 3270 qua
1189 3187 1333 3269 ratione,
1352 3186 1433 3270 quia

290 3312 364 3398 ipse
386 3318 438 3376 est
460 3318 554 3376 totus
578 3310 706 3396 ubique
731 3333 907 3397 praesens,
932 3311 1021 3376 dixit
1044 3311 1271 3396 Anaxagoras
1294 3311 1432 3376 'omnia

291 3459 363 3502 esse
381 3436 419 3500 in
438 3434 597 3500 omnibus
611 3435 631 3517 '3
653 3436 733 3519 quia
753 3435 813 3519 qui
833 3442 884 3500 est
903 3436 1033 3519 omnia,
1054 3437 1161 3501 estin
1181 3436 1352 3502 omnibus.

225 3573 268 3636 25
380 3559 515 3625 XXIV.
540 3560 678 3625 Dicitur
697 3560 789 3625 basis
813 3560 912 3641 lucie,
938 3561 1021 3645 quia
1045 3583 1123 3625 eum
1147 3561 1214 3626 duo
1237 3561 1432 3626 habeantur

291 3683 384 3751 infra
403 3692 438 3749 et
456 3707 558 3771 supra
579 3692 723 3750 naturae
743 3685 853 3750 scalae
872 3686 1122 3767 extremitates,
1144 3686 1257 3772 ipsum
1273 3686 1375 3752 inane
1395 3687 1433 3751 in

291 3811 410 3877 infimo
434 3817 469 3875 et
492 3809 567 3897 ipsa
590 3809 771 3896 plenitude
801 3810 837 3875 in
868 3831 1040 3896 supreme,
1071 3811 1168 3876 iuxta
1199 3810 1285 3876 illud
1316 3810 1433 3897 [Caba-

292 3938 329 4022 li]
348 3936 440 4003 ‘vidi
459 3936 792 4001 scalam.....um'.

386 4145 415 4191 ll
433 4116 651 4192 universalitate
674 4140 704 4190 M
709 4179 716 4201 ,
739 4158 782 4190 ma
803 4142 837 4203 cs.
859 4159 889 4205 p.
912 4142 963 4201 44,
983 4143 1069 4205 6aqq.
1134 4142 1165 4192 12
1181 4148 1277 4208 atque]
1298 4160 1381 4210 ..que
1400 4146 1434 4209 (Ie

291 4223 380 4287 prime
392 4222 441 4272 dae
455 4223 556 4282 lallare,
573 4229 692 4281 corr-elle,
706 4239 759 4272 non
772 4238 835 4270 sono
848 4218 950 4284 chiare)
963 4223 1000 4271 A:
1015 4229 1044 4273 et
1055 4222 1088 4271 M
1148 4224 1177 4272 21
1196 4225 1329 4275 Infinitus
1341 4243 1390 4277 om,
1403 4227 1436 4277 M

293 4306 325 4354 ⁴23
341 4304 448 4353 dixisse
466 4303 593 4354 ereditur
613 4304 802 4366 Anaxagoras
818 4302 850 4351 l!
909 4304 949 4353 27.
960 4304 992 4352 ‘223
1008 4304 1091 4352 iuxta
1108 4311 1153 4352 etc.
1172 4321 1221 4354 one.
1239 4304 1271 4354 Μ
1276 4323 1282 4354 :
1300 4306 1329 4356 in
1345 4308 1368 4355 A
1385 4308 1435 4358 Ca-

296 4385 352 4433 buli
366 4382 378 4432 ὲ
394 4381 484 4447 iatine
496 4381 527 4432 di
538 4383 597 4449 ripe
611 4382 813 4442 esollolineato,
826 4400 838 4430 e
853 4383 924 4431 della
938 4383 1040 4446 parole
1057 4382 1126 4447 <lopo
1144 4386 1249 4434 sculum
1266 4386 1384 4437 vediamo
1401 4388 1434 4438 ei·

295 4464 430 4514 cerasolo
443 4465 470 4513 la
483 4461 642 4524 desinam&
658 4464 692 4526 cf.
708 4463 745 4512 acl
757 4460 820 4529 oqui
832 4462 905 4513 modo
919 4463 1011 4514 Grues.
1027 4466 1075 4524 28,
1089 4466 1121 4513 12
1131 4481 1169 4528 eq.
