3488 5108
1444 406 1503 467 643

358 579 540 659 seminibus,
565 588 673 656 quarto
700 581 857 641 materiam
884 580 1000 642 formis.
1030 580 1139 642 Omnia
1168 579 1337 657 vivificans,
1368 578 1501 652 len-iens,

358 687 521 764 mulciens,
550 689 720 770 excitans!
749 690 858 751 Omnia
885 689 1019 767 ordinat,
1048 696 1203 768 procreat,
1233 689 1326 765 regit,
1356 689 1501 766 complet.

360 793 469 854 Omnia
495 797 608 874 aperit,
632 803 756 875 purgat,
779 797 944 875 illuminat,
966 796 1148 877 gratifilcat.
1178 796 1288 856 Omnia
1315 803 1434 870 movet,
1462 793 1504 853 in·

360 903 475 980 cendit,
495 904 598 965 allicit.

315 1009 336 1072 5
441 1009 492 1068 Nil
510 1011 642 1071 vincitur
657 1013 717 1074 nisi
735 1013 893 1090 aptissime
913 1019 1138 1090 praeparatum,
1155 1010 1227 1088 quia
1247 1009 1351 1087 fulgor
1368 1010 1421 1070 ille
1443 1028 1505 1069 non

361 1113 467 1174 codem
486 1115 576 1176 modo
594 1118 686 1178 rebus
704 1119 846 1179 omnibus
863 1118 1080 1178 comunicatnr.

438 1220 607 1303 Corporum
625 1225 820 1305 praeparatio
839 1226 879 1286 ad
896 1225 1089 1286 vinciendum
1108 1225 1207 1285 tribus
1224 1230 1361 1285 constat:
1381 1222 1502 1298 ordine,

360 1329 462 1407 modo,
479 1333 601 1410 specie,
620 1337 643 1392 l.
660 1334 735 1394 ordo
750 1334 883 1413 partium
902 1337 906 1411 Ι
924 1333 1100 1410 intervalla,
1120 1334 1147 1392 2.
1164 1331 1272 1392 modus
1285 1330 1501 1407 quantitatem,

360 1438 388 1497 3.
405 1439 526 1516 species
544 1440 688 1517 figuram,
704 1441 889 1502 lineamenta
907 1449 939 1502 et
956 1440 1075 1500 colores
1092 1438 1255 1516 significat.
1279 1435 1364 1497 Sicut
1382 1438 1386 1516 Ι
1405 1435 1436 1496 in
1453 1457 1504 1496 vo-

297 1553 338 1616 10
361 1549 405 1610 cis
423 1547 544 1608 vinculo
564 1551 589 1608 1.
608 1549 683 1608 ordo
702 1548 844 1610 consistit
864 1549 894 1608 in
917 1566 1045 1608 ascensu
1063 1567 1081 1607 a
1098 1546 1187 1623 gravi
1206 1543 1246 1604 ad
1266 1554 1387 1605 acutum
1406 1555 1437 1604 et
1454 1543 1504 1603 de

361 1673 482 1731 scensu,
503 1658 507 1734 Ι
526 1657 553 1715 2.
572 1654 680 1716 modus
697 1656 729 1717 in
743 1656 857 1716 debitis
871 1655 985 1731 tertiis,
1001 1654 1132 1731 quartis,
1151 1652 1278 1729 quintis,
1298 1651 1407 1728 sextis,
1422 1650 1504 1711 tonis

361 1770 391 1820 st
408 1761 568 1823 semitonia
585 1763 815 1840 progressione,
834 1765 840 1843 Ι
857 1764 886 1823 3.
904 1761 1024 1841 species
1042 1761 1072 1819 in
1091 1778 1215 1832 canoro,
1234 1760 1330 1835 claro,
1349 1758 1445 1819 suavi.
1467 1757 1504 1816 In

360 1869 500 1930 omnibus
519 1869 761 1948 proportionalia
777 1869 930 1930 lintribus
946 1868 986 1928 ad
1004 1868 1009 1938 Ι
1028 1867 1220 1928 vinciendum
1238 1865 1419 1944 disponunt,
1437 1865 1505 1925 sive

361 1977 552 2055 compositis,
576 1978 642 2038 sive
667 1977 875 2057 simplicibus;
898 1977 936 2036 iis
958 1976 1038 2036 enim
1056 1977 1140 2035 color
1156 1976 1260 2054 placet
1277 1986 1334 2035 etc.
1354 1976 1358 2055 Ι
1377 1973 1428 2033 Sic
1444 1973 1505 2032 ani-

297 2082 338 2145 lb
361 2102 428 2143 mus
456 2082 628 2162 disciplinis
657 2082 920 2161 adcommodatur,
943 2095 976 2143 ut
1001 2103 1058 2161 per
1083 2100 1135 2143 eas
1155 2083 1186 2141 in
1208 2102 1243 2142 eo
1272 2081 1369 2141 divini
1400 2080 1504 2140 vultus

360 2190 462 2250 luceat
478 2190 591 2268 imago.

440 2297 541 2373 Deus,
561 2298 701 2375 angelus,
720 2297 838 2358 animus
856 2317 913 2358 nos
930 2317 990 2358 non
1006 2299 1105 2376 ligant
1126 2305 1161 2357 ut
1177 2315 1337 2376 corporea,
1356 2295 1504 2372 quianon

361 2405 511 2483 afficiunt,
540 2408 611 2484 quia
638 2426 698 2468 non
725 2409 849 2487 pulsant
879 2426 934 2487 per
962 2408 1041 2487 selae
1068 2425 1193 2484 sensus,
1223 2407 1273 2466 vel
1302 2405 1362 2466 alio
1391 2424 1504 2482 genere

360 2516 482 2593 vinculi,
497 2519 577 2594 quod
594 2538 684 2578 mann
699 2518 930 2596 methaphorice
945 2516 1076 2579 effectus
1094 2517 1314 2594 intellectuque
1324 2562 1429 2576 ........
1437 2517 1503 2594 turi

294 2627 339 2690 20
361 2623 484 2701 Duplex
505 2642 578 2702 ergo
599 2623 640 2683 ad
661 2623 855 2686 vinciendum
875 2624 1082 2704 praeparatio,
1105 2633 1137 2684 et
1157 2622 1261 2684 reddit
1281 2624 1447 2700 aequivoce
1469 2622 1506 2681 si-

360 2730 510 2805 gnificans
527 2731 689 2791 vinculum.

442 2836 494 2896 Sic
511 2854 567 2915 per
584 2857 689 2898 omues
706 2857 815 2898 sensus
833 2838 983 2917 cupimus,
1002 2858 1058 2917 per
1074 2856 1179 2898 omnes
1197 2856 1307 2898 sensus
1324 2836 1483 2896 vincimur.

442 2944 510 3004 Non
528 2945 718 3023 simplicibus
732 2955 763 3005 et
778 2946 942 3023 absolutis,
960 2947 1017 3006 sed
1035 2946 1213 3025 compositis
1228 2953 1260 3006 et
1276 2944 1428 3023 appositis
1443 2944 1505 3004 vin·

363 3051 466 3112 cimur.
485 3050 646 3112 Vinculum
664 3053 743 3113 enirn
762 3061 810 3114 est
827 3056 833 3131 Ι
852 3070 888 3113 ex
905 3054 1037 3132 plurium
1055 3053 1258 3114 concinnitate
1280 3053 1420 3113 coorions
1438 3072 1505 3129 gra·

297 3163 340 3226 25
364 3158 420 3235 tia,
441 3159 488 3219 cni
506 3161 689 3221 contrarium
712 3170 761 3221 est
777 3161 931 3238 ingratum
952 3180 1006 3222 seu
1025 3174 1122 3240 turpe.
1142 3161 1147 3242 Ι
1175 3161 1260 3221 Deus
1281 3161 1452 3220 nonhabet
1473 3159 1504 3221 in

364 3284 398 3326 se
415 3266 682 3344 pulchritudinem,
700 3268 770 3344 quia
787 3269 956 3329 nonhabet
974 3268 1144 3329 ordinatam
1160 3268 1426 3346 compositionem
1444 3287 1506 3327 non

363 3373 453 3450 hanc,
474 3375 479 3455 Ι
497 3376 568 3451 quia
585 3376 753 3437 nonhabet
770 3385 884 3454 partes.
903 3376 961 3437 Est
978 3385 1079 3437 autem
1095 3375 1331 3457 pulchritudinis
1346 3384 1377 3436 et
1392 3375 1505 3436 vinculi

366 3477 447 3558 fons,
465 3482 576 3542 author
593 3490 624 3543 et
641 3492 734 3543 actor.
754 3485 758 3561 Ι
778 3483 830 3542 Dii
847 3484 988 3544 similiter
1004 3503 1065 3543 non
1082 3492 1154 3543 sunt
1170 3482 1298 3562 pulchri.
1321 3483 1505 3543 Universum

363 3606 423 3647 non
438 3597 487 3648 est
502 3589 673 3668 pulchrum,
690 3604 724 3649 ut
741 3590 839 3652 videri
855 3601 973 3670 potest3
993 3591 998 3669 Ι
1016 3591 1061 3650 ita
1076 3589 1154 3651 enim
1173 3597 1222 3650 est
1233 3589 1365 3668 simplici
1376 3589 1506 3665 quadam

298 3699 342 3763 30
365 3699 483 3759 ratione
506 3708 649 3760 constans
675 3701 740 3761 suis
767 3701 908 3761 similiter
940 3719 973 3760 sc
1002 3698 1187 3759 habentibus
1209 3698 1362 3777 sphaeris,
1392 3698 1504 3774 stellis,

365 3805 472 3881 astris,
489 3806 608 3883 magnis
629 3806 827 3882 animalibns;
844 3806 904 3866 nisi
921 3807 1050 3883 quadam
1073 3804 1273 3866 similitudine
1295 3814 1326 3864 et
1347 3803 1506 3881 analogica

364 3913 497 3987 rationc;
516 3913 567 3975 vel
584 3914 695 3974 saltem
713 3915 718 3994 Ι
737 3915 824 3976 iniis
844 3935 905 3975 non
923 3924 972 3976 est
989 3912 1184 3995 pulchritudo
1206 3932 1284 3991 quae
1304 3932 1361 3973 nos
1382 3911 1505 3971 vinciat.

444 4021 606 4083 Vinculum
629 4025 767 4100 sequitur
790 4025 834 4085 rci
859 4044 994 4098 sensum,
1021 4025 1100 4084 sicut
1126 4024 1233 4083 umbra
1255 4041 1374 4101 corpus.
1398 4020 1508 4081 Omnia

457 4248 473 4297 2
490 4248 609 4299 muloies
627 4247 664 4298 sic
680 4248 735 4312 Br;
750 4263 794 4298 me
809 4248 1003 4312 rf.p.656,16
1065 4249 1081 4298 3
1097 4247 1167 4312 dopo
1186 4254 1282 4298 movet
1299 4245 1417 4297 concello
1434 4245 1509 4296 exci-

367 4334 410 4378 tat
427 4328 469 4378 Br
531 4329 547 4379 6
563 4322 741 4382 οοῖοιιωτΒν
805 4331 837 4379 19
854 4328 1191 4394 rnetlmpborica1sioBr5
1207 4327 1251 4377 dcl
1263 4332 1332 4378 resto
1344 4327 1509 4391 cf.p.655,8

365 4410 398 4458 22
420 4410 465 4461 Sic
489 4410 543 4460 Br:
561 4411 640 4475 sorec
659 4410 706 4460 Sic
726 4409 892 4474 (=Sicut)7
961 4410 993 4461 28
1017 4409 1065 4460 Dii
1087 4424 1159 4461 corr.
1183 4410 1272 4475 (sorec
1292 4407 1329 4459 dc
1353 4408 1441 4471 Deus)
1465 4407 1508 4457 Br

366 4490 523 4556 bosphoria
541 4491 584 4542 Br
