3488 5108
317 407 376 465 544
760 421 899 466 renuam
921 420 1022 468 euvm

316 600 393 643 cum
412 576 608 660 inutilibus,
629 576 798 664 respicere
814 598 903 662 quae
921 576 1228 664 praedominantur
1246 584 1282 642 et
1299 576 1460 660 vincant,

317 725 405 787 quae
434 726 558 789 nempe
593 702 706 788 plures
736 702 887 767 habeant
929 724 1107 784 numeros,
1143 724 1231 787 quae
1268 703 1460 789 pauciores.

315 827 402 892 Mihi
432 828 620 914 persuadeo
651 826 839 893 efficaciam
858 828 1004 892 istorum
1028 833 1064 892 et
1083 826 1231 912 figuram
1260 849 1331 893 non
1350 827 1462 895 fuisse

314 953 508 1036 alteratam,
530 953 613 1019 dum
643 976 704 1041 per
724 953 878 1019 diversas
906 974 1029 1018 manus
1049 958 1084 1017 et
1112 951 1247 1018 diversa
1272 974 1333 1019 ora
1350 960 1388 1019 et
1406 952 1459 1019 di·
1513 958 1519 967 ‘

269 1076 290 1139 5
316 1101 429 1144 versos
447 1079 607 1145 authores
620 1079 733 1145 delata
746 1078 898 1161 fuerunt,
917 1078 1009 1163 quod
1025 1084 1077 1143 est
1092 1077 1303 1165 principium
1323 1078 1460 1161 saltem,

313 1226 437 1291 nempe
470 1204 546 1292 ipsa
579 1204 693 1289 figura
724 1211 776 1269 est
808 1203 961 1288 antiqua.
987 1203 1088 1281 Quod
1118 1202 1247 1268 attinet
1277 1209 1393 1268 autem
1413 1202 1459 1268 ad

313 1328 481 1394 theoriam
501 1337 534 1395 et
554 1328 865 1397 considerationem
895 1327 1116 1415 planetarum
1136 1334 1171 1393 et
1193 1327 1459 1415 dispositionem

312 1453 497 1519 eorundem
517 1453 642 1519 inillis
662 1453 805 1519 orbibus
824 1453 987 1519 cumillis
1007 1459 1208 1540 aspectuum
1228 1452 1335 1519 variis
1355 1450 1456 1517 diffe-

312 1579 434 1644 rentiis
452 1587 487 1644 et
505 1579 684 1661 facierum,
704 1579 846 1644 omnino
865 1578 1028 1645 videntur
1041 1586 1075 1645 et
1088 1585 1169 1644 sunt
1188 1577 1326 1644 inutilis
1345 1576 1457 1643 consi·

248 1711 289 1773 10
312 1702 499 1771 derationis
515 1726 521 1786 3
537 1705 634 1791 ipsae
651 1704 744 1769 enim
759 1705 894 1789 stellae,
911 1703 1004 1790 quod
1020 1704 1064 1769 ad
1075 1702 1302 1792 particularia
1315 1702 1457 1784 attinet,

312 1852 423 1914 neque
446 1828 579 1914 aliquid
603 1837 746 1896 causant
769 1852 880 1914 neque
904 1829 1117 1917 significant,
1138 1836 1172 1895 et
1195 1828 1255 1894 isti
1279 1828 1456 1916 planetae,

311 1954 353 2019 de
386 1953 512 2039 quibus
551 1977 643 2021 nunc
680 1954 840 2039 dicimus,
873 1977 949 2020 cum
979 1953 1056 2020 istis
1091 1952 1180 2019 nihil
1207 1953 1338 2019 habent
1366 1974 1457 2019 com·

311 2080 438 2167 munel
460 2079 529 2144 nisi
558 2102 698 2161 nomem
727 2102 817 2165 quae
837 2080 1031 2146 communio
1055 2079 1146 2144 forte
1165 2077 1233 2144 fuit
1249 2077 1457 2144 evertendae
1481 2079 1582 2139 48ν

311 2206 475 2272 scientiae
495 2229 596 2272 causa
628 2213 662 2270 et
692 2205 899 2272 deveniendi
922 2206 966 2270 ad
993 2205 1071 2271 illas
1090 2205 1259 2288 fictiones,
1291 2214 1332 2270 ut
1361 2204 1461 2293 quod,

247 2344 287 2406 15
311 2332 442 2397 dictum
460 2331 529 2398 fuit
547 2340 583 2398 et
600 2333 817 2397 intellectum
836 2331 880 2397 ab
900 2331 1053 2416 antiquis
1079 2330 1117 2395 in
1140 2330 1242 2396 annis
1265 2328 1342 2395 istis
1362 2327 1458 2394 diur-

311 2457 365 2523 nis
377 2465 412 2523 et
424 2457 634 2541 circuitibus,
651 2457 797 2524 fortasse
813 2456 857 2522 ad
870 2455 1149 2523 confundendum
1162 2462 1197 2521 et
1210 2453 1456 2520 occultandum

311 2606 430 2650 verum
454 2584 534 2649 data
558 2606 662 2671 opera
686 2590 721 2649 et
744 2583 788 2648 ad
808 2581 1113 2669 multiplicandum
1129 2579 1245 2646 studia
1262 2578 1401 2645 inutilia
1420 2587 1459 2645 et

309 2733 400 2776 vana
423 2710 491 2774 fuit
514 2709 663 2774 relatum
686 2708 731 2774 ab
756 2708 872 2793 aliquo
897 2707 1077 2794 deceptore
1096 2706 1140 2772 ad
1159 2705 1298 2772 ordines
1317 2703 1460 2771 illorum

310 2839 540 2925 planetarum,
563 2836 628 2901 hoc
661 2843 714 2900 est
733 2835 928 2917 stellarum;
960 2856 1027 2918 qua
1045 2832 1268 2920 persuasione
1287 2830 1392 2897 semel
1412 2829 1459 2895 ab

243 2979 287 3038 ⁴20
310 2986 379 3028 uno
399 2969 536 3048 recepta
562 2961 664 3026 facilc
685 2961 755 3025 fuit
774 2960 862 3024 hanc
893 2958 1127 3045 ignorantiam
1148 2956 1357 3042 usqueadeo
1376 2977 1458 3042 pro-

308 3111 436 3175 pagare
456 3110 523 3171 quo
553 3095 746 3172 propagata
766 3095 826 3150 est.
856 3081 963 3151 Forte
981 3086 1085 3151 etiam
1109 3085 1178 3149 fuit
1202 3082 1320 3149 eodem
1339 3080 1458 3147 studio

308 3212 372 3276 hoc
391 3212 506 3299 ipsum
526 3220 779 3297 comparatum,
797 3233 863 3296 quo
881 3235 901 3275 a
916 3211 1016 3276 nobis
1032 3210 1137 3275 etiam
1154 3209 1264 3292 fieret,
1282 3207 1456 3292 siquidem

309 3337 492 3421 indignum
512 3360 584 3401 esso
603 3336 831 3418 arbitramur,
850 3344 888 3401 ut
908 3336 991 3400 haec
1007 3335 1161 3421 cognitio
1181 3341 1215 3398 et
1234 3330 1456 3419 philosophia

309 3465 354 3528 sit
374 3463 542 3548 vulgaris,
564 3485 651 3547 qliae
673 3470 808 3527 tautum
834 3462 926 3549 apud
950 3460 1124 3547 sapientes
1145 3467 1179 3523 et
1196 3459 1321 3545 probos
1339 3455 1457 3520 locum

241 3600 284 3662 ‘25
307 3591 454 3655 debebat
480 3589 617 3655 habero.
650 3590 786 3653 Interea
812 3598 977 3673 tanquam
999 3589 1036 3652 iu
1064 3586 1216 3652 tenebris
1240 3585 1398 3673 palantes
1418 3590 1456 3647 et

308 3716 490 3802 palpantes
510 3715 754 3801 relinquantur
780 3715 839 3779 alii
861 3738 937 3780 curn
959 3714 1029 3780 suis
1053 3711 1195 3778 theoriis
1214 3709 1455 3799 plarrotaribus

308 3850 342 3904 et
362 3841 435 3904 sine
455 3840 582 3905 iudicio
602 3839 800 3904 iudiciariis.

405 4184 434 4231 13
451 4180 536 4249 forte]
552 4182 652 4231 incerto
665 4181 695 4230 M
759 4182 789 4229 1ss
806 4181 975 4231 circuitibus
989 4181 1113 4230 sortasse
1125 4180 1156 4230 M
1217 4181 1249 4229 ‘25
1266 4177 1408 4245 pallentes
1422 4178 1456 4229 M
