3488 5108
265 393 324 451 120
702 404 843 450 lonoanr
865 405 967 450 nnvru

263 563 306 629 lis
330 561 373 628 ad
397 562 627 628 instrumenta
650 562 706 627 vel
730 569 845 648 partes
869 561 1004 647 aliquas
1039 560 1222 627 conversis.
1256 559 1406 626 Virintis

263 690 373 777 igitur
391 688 606 755 conditiones
626 688 863 754 examinantes
883 688 974 753 circa
993 687 1133 773 aliquod
1156 687 1360 770 subiectum,

353 816 470 882 Primo
486 815 656 902 inspicere
673 814 754 880 licet
775 814 779 904 Ι
800 813 909 902 ipsius
926 812 1172 901 aptitudinem,
1188 812 1404 897 facultatem,
1434 819 1554 884 149¹·

262 941 482 1009 habilitatem
505 941 767 1026 naturalemque
785 940 987 1028 potentiam.

220 1081 240 1145 5
352 1068 398 1134 Π.
422 1066 727 1152 Consuetudinem,
749 1066 1050 1150 assuefactionem,
1071 1065 1234 1133 studium.

351 1192 416 1258 Ill.
442 1193 651 1259 Aoouratam
671 1200 705 1259 ot
722 1194 912 1281 perfectam
930 1193 1070 1258 habitus
1089 1190 1236 1258 virtuosi
1254 1189 1407 1277 adeptio·

263 1341 355 1403 nem,
369 1318 599 1386 cuius‘causaa
611 1326 662 1385 est
679 1317 904 1401 eonsuetud03
919 1317 1003 1383 haec
1019 1318 1110 1383 enim
1128 1323 1179 1383 est
1194 1316 1406 1405 principium

263 1443 475 1510 mirabilium
494 1451 529 1509 ot
546 1443 803 1510 incredibilium
823 1445 1071 1530 operationum.

352 1570 411 1635 IV.
436 1569 685 1636 Adiumentum
704 1577 738 1635 et
758 1570 926 1636 arixilium
945 1569 1189 1653 extrinsecum,
1208 1567 1299 1655 quod
1314 1566 1406 1634 vires

201 1700 240 1763 to
264 1697 485 1784 suppeditare
504 1696 589 1762 alias
609 1701 643 1761 et
661 1696 818 1783 proprias
838 1695 1009 1782 adaugere
1027 1696 1129 1760 valet.

352 1823 392 1888 V.
417 1821 649 1905 Firmitatem,
668 1822 909 1906 stabilitatem,
929 1820 1220 1887 immobilitatem.

352 1948 411 2014 VI.
436 1948 622 2014 Rationem
642 1970 711 2033 qua
730 1970 771 2013 ex
790 1948 977 2035 praedictis
996 1948 1124 2013 dicitur
1143 1947 1300 2030 densum,
1322 1947 1407 2035 spis-

263 2096 352 2157 sum,
373 2081 558 2159 armatum,
579 2080 775 2157 cornutum,
795 2072 976 2139 dentatum
991 2081 1064 2157 etc,
1083 2073 1136 2139 vel
1154 2073 1191 2138 in
1208 2073 1297 2156 aliis,
1317 2094 1405 2160 quae

264 2221 394 2287 organa
423 2199 612 2288 corporalia
636 2221 704 2265 non
729 2199 933 2283 admittunt,
958 2198 1077 2265 eadem
1101 2197 1334 2286 metaphorice
1363 2197 1406 2264 si·

199 2324 239 2388 15
262 2326 475 2414 gnifioantia.

352 2453 430 2519 VII.
457 2451 554 2529 Quod
574 2451 796 2538 consequitur
812 2452 1005 2518 animosum
1025 2473 1111 2533 esse,
1128 2449 1403 2537 magnanimum,

264 2576 489 2665 intrepidum,
512 2577 591 2663 quia
611 2601 630 2643 a
651 2577 833 2643 contrariis
851 2599 922 2644 non
941 2576 1114 2643 formidat.

353 2704 449 2769 VIII.
474 2703 552 2768 Non
577 2702 714 2787 cadens,
744 2724 814 2768 non
837 2704 985 2790 lapsum,
1016 2724 1086 2768 non
1115 2701 1282 2783 dirutum,
1315 2702 1406 2788 quod

265 2829 349 2895 dicit
368 2835 483 2894 actum
504 2835 538 2894 et
557 2829 717 2895 effectum
736 2829 860 2895 virtuti
880 2829 1101 2895 contrarium.

198 2960 241 3022 20
354 2954 418 3019 IX.
443 2954 522 3020 Non
539 2954 728 3041 trepidans,
750 2976 819 3019 non
842 2960 1006 3037 tremens,
1023 2975 1094 3020 non
1111 2961 1237 3019 nutans
1258 2953 1408 3019 ruinam-

264 3102 329 3165 que
349 3079 515 3145 minitans
535 3081 589 3145 vel
612 3103 740 3164 casnm,
763 3079 854 3165 quod
877 3079 962 3144 dicit
985 3078 1177 3167 potentiam
1202 3085 1237 3145 et
1261 3079 1406 3145 inclina·

263 3204 392 3269 tionem
413 3204 455 3269 ad
475 3204 690 3292 praedictum
710 3211 833 3270 actum.

351 3330 397 3394 X.
429 3329 507 3395 Non
532 3330 697 3414 otiosum,
727 3330 855 3415 deside,
877 3332 992 3396 iacens
1011 3337 1045 3395 et
1064 3330 1107 3396 ab
1128 3330 1327 3417 operatione
1348 3329 1406 3397 ab·

262 3455 415 3520 horrens.

196 3590 239 3652 ⁸25
352 3579 415 3644 XI.
441 3579 520 3644 Non
539 3579 734 3666 disiectum,
754 3579 993 3663 dilaceratum,
1013 3579 1173 3666 effusum,
1191 3581 1381 3647 effractum.

353 3705 435 3769 ΧΠ.
461 3706 720 3791 Examinatum,
745 3713 932 3790 tentatum,
955 3706 1154 3792 probatum:
1179 3729 1241 3793 per
1265 3730 1404 3792 aquam,

263 3839 303 3896 ut
324 3832 436 3916 aiunt,
457 3839 492 3896 et
511 3833 628 3918 ignem
648 3832 820 3898 transivit.

352 3956 453 4022 XIII.
479 3956 711 4043 Custoditum,
732 3958 924 4041 defensum,
944 3966 1151 4045 protectum,
1172 3967 1340 4024 curatum.

351 4083 448 4149 XIV.
472 4083 659 4169 Munitnrn,
680 4083 863 4166 vallatum,
883 4085 1096 4168 roboratum,
1116 4084 1302 4171 provisum.

1274 4238 1396 4248 ..-.--..

357 4314 458 4363 iulias
481 4313 514 4363 Μ
575 4314 605 4364 10
623 4315 717 4364 valeat
737 4313 770 4362 M
832 4313 860 4363 14
878 4312 1089 4378 metaphoricae
1112 4315 1171 4377 (sic)
1194 4313 1217 4362 Δ
1282 4317 1312 4365 23
1334 4317 1407 4365 dosi—

264 4395 299 4445 de
314 4392 378 4458 (sic,·
392 4395 462 4444 coru
479 4394 564 4444 uoluio
578 4395 733 4459 decidens),
751 4397 847 4444 iacens
865 4393 902 4444 ai:
923 4393 1028 4458 iacens,
1043 4394 1216 4445 desidiosum
1236 4395 1268 4444 Μ
1312 4396 1343 4445 24
1360 4396 1407 4446 ab·

264 4475 385 4527 horrens
398 4475 430 4526 M
442 4490 514 4527 corr.
527 4473 566 4526 A:
579 4475 614 4526 ab
624 4495 640 4526 a
655 4496 671 4527 a
687 4490 736 4526 ens
754 4472 787 4524 Δί
851 4475 882 4526 2ῖ
896 4473 1084 4527 transivisti:
1098 4477 1234 4527 transibit
1250 4475 1282 4527 M
