3488 5108
662 451 792 497 usuras
812 451 969 498 aaronem
991 450 1201 498 srarvanvn.
1453 436 1510 495 187

451 605 514 671 III.
540 606 603 672 Est
621 608 813 691 essentia,
833 615 956 695 utpote
973 615 1099 677 natura
1118 631 1178 675 seu
1198 608 1289 694 quod
1313 613 1365 674 est
1392 606 1503 674 veluti

361 732 490 815 forma,
512 754 599 818 quae
615 732 676 799 <lat
694 756 766 799 esse
790 734 893 801 alicui
917 734 982 817 rei,
1002 735 1092 801 siout
1111 734 1228 801 anima
1248 756 1335 819 quae
1354 733 1414 802 dat
1433 755 1507 800 esse

361 856 523 940 animali;
544 863 579 923 et
607 857 698 944 quod
716 859 933 946 significatur
951 881 1013 948 par
1036 860 1286 943 definitionem,
1310 859 1439 928 dieitur
1457 880 1506 926 es·

363 981 475 1048 sentia
495 982 645 1049 definite.

318 1108 339 1174 5
452 1106 510 1175 IV.
534 1107 599 1174 Est
617 1129 726 1192 esse,
751 1116 871 1196 utpote
889 1110 1004 1197 ipsum
1025 1110 1116 1197 quod
1139 1110 1285 1177 resultat
1314 1132 1356 1175 ex
1382 1109 1510 1197 prinoi-

362 1233 430 1321 piis
450 1234 698 1320 constitutivis,
719 1243 839 1324 utpote
859 1259 929 1304 non
952 1237 1064 1305 solum
1088 1236 1180 1324 quod
1203 1236 1420 1324 significatur
1443 1258 1506 1324 per

363 1359 614 1444 definitionem,
634 1360 814 1428 sedetiam
831 1362 924 1450 quod
938 1362 981 1429 ad
995 1363 1045 1429 rei
1061 1368 1222 1430 naturam
1240 1362 1409 1450 complete
1427 1385 1509 1431 eon·

363 1485 575 1552 stituendam
594 1492 706 1553 totum
727 1488 913 1571 concurrit;
934 1489 1015 1575 quia
1034 1489 1072 1555 in
1091 1487 1291 1554 definitione
1305 1511 1375 1556 non
1392 1488 1510 1576 ingre·

363 1610 507 1678 diuntur
525 1611 563 1677 in
586 1611 794 1698 quibusdam
816 1612 1069 1701 principalibus
1096 1612 1271 1701 principia
1301 1613 1509 1696 materialia,

299 1740 341 1806 10
363 1743 402 1803 ut
421 1759 512 1822 care,
533 1759 621 1819 ossa,
643 1738 756 1820 nervi,
776 1738 950 1820 humores,
971 1739 1064 1805 ealor
1087 1745 1161 1823 eta,
1194 1760 1281 1825 quae
1311 1738 1392 1806 lieet
1419 1739 1508 1805 nihil

362 1861 480 1929 dicant
499 1862 540 1929 de
560 1863 708 1929 essentia
728 1863 777 1928 rei
796 1871 954 1950 respectu
978 1864 1075 1931 ouius
1098 1863 1261 1930 dicuntur
1285 1862 1509 1949 aaoildentia,
1535 1874 1653 1939 126v

364 1989 581 2056 constituunt
604 1995 722 2056 tamen
741 2013 813 2056 esse
831 1989 881 2056 rei
900 2012 962 2078 per
980 2013 1030 2074 se,
1054 1995 1175 2078 utpote
1194 1990 1268 2057 sine
1292 1989 1418 2077 quibus
1437 2012 1509 2057 esse

363 2135 416 2180 res
434 2135 506 2181 non
525 2121 649 2202 potest.

442 2240 482 2307 V.
497 2241 560 2307 Est
578 2240 863 2324 subsistentia,
875 2248 996 2328 utpote
1006 2239 1147 2309 effeetus
1159 2241 1269 2330 ipsius
1281 2242 1332 2308 rei
1344 2247 1379 2308 et
1391 2250 1509 2311 astua-

296 2372 338 2438 15
360 2364 442 2431 litas
460 2366 615 2454 ipsorum
639 2387 728 2452 quae
747 2364 945 2432 conducunt
962 2365 1006 2433 ad
1025 2388 1097 2433 esse
1120 2365 1170 2433 rei
1189 2388 1268 2434 eum
1284 2366 1512 2434 eiroumstan·

361 2491 421 2557 tiis
440 2497 475 2556 et
492 2491 743 2576 accidentibus,
765 2490 889 2578 quibus
919 2490 1153 2558 mediantibus
1184 2492 1344 2559 naturale
1374 2491 1507 2579 aliquid

361 2617 617 2705 particulariter
642 2618 811 2685 subsistit,
838 2619 903 2685 Est
921 2640 1003 2705 ergo
1023 2641 1082 2685 ens
1103 2626 1141 2685 ut
1170 2618 1289 2701 home,
1311 2619 1439 2686 entitas
1467 2625 1510 2687 ut

361 2743 573 2826 humanitas,
593 2744 801 2810 assentiant
820 2743 948 2810 animal
972 2744 1142 2812 rationale
1160 2751 1233 2827 eto,
1253 2766 1325 2810 esse
1343 2752 1383 2811 ut
1414 2744 1506 2831 quod

362 2869 590 2955 compositum
626 2891 669 2934 ex
705 2869 820 2936 anima
856 2868 1020 2936 rationali
1054 2877 1088 2935 et
1128 2891 1269 2957 corpore
1311 2869 1507 2955 constituit,

294 3005 339 3068 20
361 2994 586 3061 subsistentia
604 3000 644 3060 ut
664 3016 751 3080 quae
770 3000 821 3060 est
840 2993 1038 3062 omnimoda
1057 2995 1161 3078 ratio,
1183 3016 1250 3081 qua
1270 2995 1428 3062 Socrates
1447 2995 1503 3061 vel

361 3118 462 3187 Plato
481 3126 534 3186 est
550 3119 707 3187 Socrates
726 3142 806 3187 vere
826 3128 861 3186 et
878 3119 1090 3189 sensibiliter
1108 3120 1222 3209 ipsum
1242 3119 1334 3207 quod
1354 3129 1416 3188 est.

450 3245 510 3310 Vl.
526 3246 589 3311 Est
608 3252 771 3330 natura,
792 3253 913 3334 utpote
932 3245 1081 3313 essentia
1097 3247 1151 3312 vel
1170 3246 1298 3313 entitas
1317 3245 1506 3313 seeundum

361 3392 436 3435 eam
452 3370 638 3455 rationem,
656 3394 723 3457 qua
740 3379 791 3440 est
806 3371 1017 3459 principium
1033 3379 1190 3439 motuum
1207 3371 1257 3437 rei
1273 3369 1426 3454 mobilis,
1446 3393 1507 3438 seu

360 3495 573 3582 principium
592 3496 804 3583 operationis
828 3498 865 3563 in
894 3519 1098 3583 quacunque
1125 3519 1163 3562 re
1191 3496 1437 3582 cuiuscunque,
1468 3504 1508 3561 ut

294 3629 337 3693 25
361 3628 521 3708 operetur
540 3622 728 3687 seeundum
748 3622 839 3708 quod
858 3622 1067 3706 huiusmodi,
1088 3621 1124 3687 id
1143 3629 1195 3688 est
1209 3622 1396 3687 secundum
1415 3619 1507 3706 quod

360 3744 435 3832 ipsa
455 3753 516 3812 est.
537 3746 632 3813 Idem
652 3769 734 3834 ergo
752 3755 804 3813 est
823 3755 948 3814 natura
967 3755 1001 3812 et
1020 3747 1181 3829 essentia,
1202 3746 1261 3812 sed
1280 3753 1405 3813 natura
1424 3745 1507 3812 dioi-

361 3877 418 3936 tur
442 3872 629 3939 seeundum
653 3873 823 3940 rationem
847 3874 1002 3960 proxime
1030 3872 1172 3957 dietam,
1193 3895 1252 3939 seu
1280 3895 1349 3959 qua
1377 3871 1506 3961 prinoi-

360 3998 456 4085 pium
477 4005 529 4063 est
548 3998 673 4086 agendi
692 3998 747 4065 vel
766 3999 923 4087 patiendi
941 4000 979 4065 in
999 4020 1038 4065 eo
1069 3997 1161 4084 quod
1185 3998 1258 4085 agit
1276 3999 1331 4065 vel
1359 3997 1506 4084 patitur,

453 4265 469 4312 4
485 4262 555 4325 dopo
567 4259 705 4313 definitur
720 4260 776 4324 (sic)
790 4261 921 4328 appirmye
936 4269 1063 4326 astorgo
1078 4276 1140 4323 ens,
1154 4271 1187 4311 ut
1201 4260 1285 4311 homo
1301 4260 1339 4324 M,
1352 4259 1508 4325 perelecta

360 4361 424 4394 sono
437 4343 522 4395 ancha
536 4344 566 4395 ὅτι
578 4343 612 4408 A,
627 4360 671 4392 ma
685 4343 828 4394 cancellata
846 4342 987 4405 (derivans
1005 4341 1041 4391 du
1058 4357 1083 4392 o.
1103 4342 1145 4405 17)
1209 4343 1225 4390 9
1241 4330 1449 4408 prineipalibus
1463 4341 1495 4391 Μ
1500 4357 1506 4391 :

360 4424 471 4490 prino..
482 4423 541 4475 itus
556 4424 591 4490 (l)
606 4422 629 4474 A
693 4426 725 4474 18
735 4425 811 4491 quod
824 4439 896 4475 corr.
911 4423 948 4473 da
960 4427 1015 4475 hoo
1026 4423 1061 4489 (Ρ)
1076 4425 1115 4473 A:
1130 4421 1206 4489 quod
1224 4422 1278 4472 hoo
1295 4421 1327 4472 Μ
1386 4421 1419 4472 22
1435 4421 1508 4474 enti*

360 4505 461 4557 tasM:
486 4506 598 4557 entisA
665 4504 964 4558 sareiarrmoiaa
1028 4504 1306 4566 25idoatA:-2-M
