3488 5108
466 387 527 443 554⁵!

466 555 590 617 molum
606 556 688 617 enim
705 553 778 612 silis
799 570 848 612 est
864 570 943 628 quae
962 547 1122 610 laudatum
1143 568 1177 611 et
1195 550 1379 629 egregium
1399 552 1507 611 sirum
1529 569 1639 609 anan

466 682 528 725 tem
545 683 606 723 non
623 662 774 733 redemer3
792 660 853 720 a'ia
869 658 1032 719 aetnaei
1048 658 1199 736 ignobilia
1213 676 1296 719 amet
1313 660 1429 738 dionis
1443 662 1519 743 Η

545 770 645 830 hiulte
661 784 734 830 sunt
750 787 829 844 qnae
839 787 909 827 cnm
918 764 1051 845 pulchra
1066 780 1205 839 entant,
1222 784 1369 844 unquam
1384 770 1469 828 hona
1484 788 1551 829 nos
1568 767 1635 828 riu-

466 880 563 953 eiunt,
577 890 613 936 nt
629 896 737 953 equus,
756 882 759 887 ’
780 876 878 950 neris,
895 873 1014 941 domus,
1033 892 1149 950 statua,
1162 876 1262 951 oanis,
1273 877 1353 937 arra.
1366 886 1398 936 et
1416 876 1512 937 exiis
1522 876 1633 955 turpia

422 984 445 1046 ὃ
467 998 540 1045 sunt
554 985 645 1045 mala.
666 986 709 1042 At
728 983 820 1042 homo
841 981 971 1061 pulcher
990 1001 1052 1040 uon
1068 982 1166 1041 vineit
1183 988 1192 1056 Ι
1207 998 1244 1041 nt
1262 983 1363 1042 bonus
1382 983 1557 1058 habeatur,
1574 982 1633 1040 bo·

467 1112 526 1152 nus
542 1112 603 1152 non
618 1108 652 1152 ut
669 1088 797 1170 pioher
813 1090 1011 1163 exstimetur,
1029 1089 1087 1149 sed
1103 1089 1164 1149 hoc
1179 1108 1229 1150 ast
1246 1110 1303 1168 per
1317 1089 1478 1165 nunidem,
1497 1090 1532 1150 id
1550 1104 1602 1152 est

467 1220 524 1279 per
539 1199 650 1258 malem
666 1196 891 1256 odorationem.
917 1195 1047 1272 Etonia
1071 1194 1219 1274 pulchrae
1246 1197 1346 1274 magis
1361 1196 1577 1256 soilidnutur
1593 1206 1630 1256 et

466 1327 524 1386 per
547 1318 762 1386 paupertatem
790 1306 884 1364 etism
899 1320 971 1364 sunt
1013 1305 1114 1366 minus
1139 1305 1281 1384 pudicae.
1307 1305 1472 1366 coemite
1498 1304 1628 1365 ratione

466 1414 547 1473 aliae
557 1412 739 1490 quandoque
754 1413 853 1472 honae
864 1459 1243 1473 ..........................
1261 1413 1367 1491 loculi
1377 1412 1534 1473 naturalis
1543 1432 1628 1473 oom-

403 1529 446 1592 10
467 1522 569 1602 plexio
589 1520 698 1581 melier
720 1522 939 1599 temperantior
955 1536 1005 1580 est
1025 1529 1057 1581 et
1078 1521 1246 1581 virtutihus
1264 1521 1297 1580 in
1317 1520 1535 1581 mediocritate
1552 1540 1629 1580 oon·

467 1631 651 1691 sistentibus
666 1630 777 1708 aptior.

549 1736 707 1796 l'incimur
720 1735 851 1795 maxime
870 1755 926 1813 per
939 1735 1055 1809 sisum;
1073 1750 1123 1796 est
1139 1737 1220 1796 euim
1233 1754 1379 1796 sensuum
1391 1737 1624 1813 activissimus,
1648 1732 1702 1794 4²

468 1847 749 1925 spiritualissimus,
768 1845 912 1925 optimus.
930 1846 1028 1921 Atqui
1045 1852 1052 1921 l
1068 1863 1165 1924 saepe
1184 1845 1273 1904 multi
1288 1865 1356 1904 rem
1371 1865 1434 1904 non
1451 1845 1553 1905 risam
1570 1844 1627 1905 de-

468 1963 608 2034 pereunt.

404 2064 445 2128 15
548 2063 582 2123 Is
599 2082 673 2123 vere
689 2063 741 2122 nni
760 2063 907 2138 vincitur,
924 2062 977 2139 qui
997 2062 1029 2121 in
1045 2062 1141 2122 rebus
1156 2061 1356 2140 negociisque
1376 2061 1447 2120 aliis
1466 2062 1628 2140 torpescit

469 2182 501 2229 et
518 2170 548 2228 in
565 2169 634 2248 ipso
650 2168 852 2244 sollicitatur,
869 2170 899 2229 io
918 2168 1046 2228 condior
1062 2169 1143 2228 enim
1161 2169 1301 2247 operatio
1317 2168 1448 2228 alteram
1465 2166 1627 2244 excludit,

469 2277 588 2336 animus
604 2275 730 2337 auribus
748 2276 887 2336 intentus
901 2275 1032 2336 remittit
1049 2276 1164 2335 oculos.
1184 2279 1190 2352 Ι
1207 2275 1290 2334 Hine
1311 2274 1528 2337 vehementius
1550 2292 1629 2353 gau·

469 2382 593 2460 dentes,
611 2383 731 2461 tristes,
750 2391 942 2460 aestuantes,
964 2402 1026 2442 non
1043 2383 1136 2442 valde
1158 2381 1243 2442 alind
1269 2382 1403 2460 agimus,
1424 2381 1486 2442 imo
1512 2382 1628 2443 statim

470 2510 627 2552 cessamus
644 2491 684 2549 eb
701 2510 794 2570 opere
804 2513 812 2566 ;
831 2512 836 2559 ;
854 2491 913 2551 hoo
930 2502 979 2550 est
996 2491 1108 2565 teneri,
1127 2490 1251 2568 vinciri,
1269 2490 1421 2564 abstrahi,
1438 2489 1533 2550 trahi.

400 2618 446 2681 ⁶20
548 2598 702 2677 Voluptas
719 2600 874 2659 hominum
891 2600 990 2659 miuus
1008 2608 1058 2659 est
1070 2597 1277 2659 determinata
1292 2598 1330 2657 ad
1347 2619 1454 2674 unum,
1470 2596 1558 2659 uude
1573 2619 1625 2658 ra-

467 2707 592 2767 tionalis
610 2706 733 2785 dicitur,
752 2726 842 2783 quam
860 2707 1005 2786 voluptas
1021 2707 1198 2783 brutorum,
1216 2707 1222 2785 Ι
1240 2725 1318 2783 qnae
1339 2705 1488 2765 naturalis
1510 2706 1627 2785 appel·

467 2815 549 2874 latur
556 2836 563 2890 ;
583 2815 653 2874 hino
670 2835 748 2892 equa
765 2817 881 2894 pariter
899 2835 1005 2874 omnes
1023 2835 1118 2891 equos
1136 2813 1253 2874 vincire
1271 2822 1387 2893 potest,
1405 2812 1517 2873 mulier
1534 2833 1598 2873 nna

466 2922 551 2983 viros
568 2941 673 2982 orontes
689 2943 748 2982 non
765 2924 825 2982 ita:
846 2930 879 2982 nt
895 2922 988 2982 aiunt.

546 3031 651 3091 Pudor
669 3039 700 3090 et
717 3030 794 3091 fides
818 3038 1028 3109 propugnator
1045 3029 1234 3089 vinculorum
1264 3028 1412 3106 optimus;
1440 3035 1490 3087 est
1510 3036 1623 3088 autem

400 3150 443 3215 ‘25
467 3137 565 3216 pudor
582 3138 765 3213 ignominiae
784 3148 891 3199 metus⁴
911 3139 916 3220 Ι
935 3139 1020 3209 Quae
1037 3138 1116 3198 bene
1133 3136 1265 3196 vinculis
1282 3138 1386 3196 obstat
1407 3144 1438 3195 et
1456 3155 1532 3196 vere
1551 3137 1621 3196 affi-

467 3247 546 3308 citur
562 3245 692 3324 pudore,
711 3249 801 3307 rubet
808 3268 815 3321 ς
833 3266 910 3322 quae
929 3265 1002 3306 vero
1021 3247 1130 3306 timore
1148 3246 1372 3323 vecor'diaqne
1393 3265 1426 3305 se
1444 3246 1582 3326 proripit
1600 3269 1624 3307 a

466 3353 609 3429 vinculis,
626 3354 740 3433 pallet:
757 3354 898 3430 huncqui
912 3355 1027 3414 vincire
1043 3356 1140 3432 cupit,
1154 3353 1268 3414 additis
1286 3352 1395 3414 animis
1437 3356 1621 3432 superabit,

465 3482 525 3521 non
543 3459 636 3521 illam.
655 3461 788 3520 Primam
807 3463 931 3540 proprie
949 3461 1078 3521 dicimus
1093 3462 1315 3538 verecundam,
1330 3461 1495 3523 secundam
1513 3481 1592 3522 vero
1615 3472 1619 3535 ζ

466 3568 588 3646 proprie
609 3567 724 3646 pudere
747 3567 892 3644 dixerim
914 3569 1100 3628 verecundia
1122 3570 1201 3629 onim
1223 3570 1299 3630 recti
1320 3570 1501 3646 honestique
1522 3571 1622 3631 ratio

400 3687 444 3750 30
466 3696 534 3735 nem
552 3675 657 3752 habet,
676 3675 776 3753 pudor
792 3684 894 3735 autem
914 3677 917 3755 Ι
936 3676 1081 3736 infamiae
1099 3678 1239 3738 timorem
1256 3699 1330 3756 prae
1348 3697 1382 3737 se
1396 3678 1475 3752 l'ert3
1493 3679 1623 3755 pallent

467 3783 546 3843 euim
565 3784 661 3859 etqui
680 3785 788 3844 timent
806 3785 936 3843 verbera
954 3793 985 3844 et
1002 3792 1140 3845 mortem.

558 4056 573 4102 3
589 4058 685 4105 exstat
695 4051 732 4105 sic
742 4055 784 4105 Br
831 4056 847 4105 4
863 4055 946 4107 navis
956 4058 1058 4107 domus
1068 4058 1238 4108 statuunell'
1249 4055 1393 4110 interlinea
1407 4059 1449 4109 Br
1491 4061 1507 4111 6
1524 4063 1621 4112 exsti·

466 4134 569 4201 motor]
590 4134 627 4186 nie
650 4136 693 4184 Br
755 4135 870 4196 Gidaat]
896 4140 924 4186 .i.
949 4138 991 4185 Br
1054 4139 1070 4188 8
1094 4153 1145 4204 per
1164 4144 1363 4204 paupertatem
1386 4139 1443 4208 eta]
1464 4141 1500 4203 cf.
1525 4157 1619 4204 sopra

462 4234 492 4281 p.
514 4218 598 4276 1⁶2st
660 4219 691 4265 lu
708 4217 808 4267 tristes
819 4223 988 4268 aestuantes
1002 4217 1063 4267 ucll’
1075 4216 1220 4269 interlineas
1236 4220 1277 4269 Br
1339 4221 1371 4271 23
1388 4219 1480 4288 aiunt]
1490 4220 1620 4272 affith·

465 4295 601 4347 retinenti
662 4297 743 4347 nent
759 4299 793 4360 cf.
810 4297 895 4348 Arist.
911 4294 1257 4351 Ι<1ι1ι.Νι·εοηι.Δ15.1138ὸ
1272 4303 1367 4365 lrsqq.
1431 4302 1545 4352 nevero
1560 4302 1618 4352 Br¹

466 4378 504 4428 28.
521 4380 553 4428 29
576 4378 1151 4444 primum-verecundiam—sooundnm
1173 4397 1241 4431 voro
1262 4383 1377 4448 proprie
1399 4383 1536 4448 pudorem
1560 4384 1617 4432 Lu·

465 4458 600 4509 toalnnnla'
662 4459 693 4510 29
711 4460 827 4525 pudere]
841 4459 900 4525 pud
911 4476 927 4506 e
942 4477 958 4507 u
974 4477 989 4507 e
1005 4460 1058 4510 Βν1
