3488 5108
285 394 344 454 308
722 407 862 453 tonatur
884 407 986 452 earm

285 569 490 650 argumenta
523 563 758 649 antiquorum:
787 561 1071 648 distinguendum
1095 568 1160 642 est,
1186 561 1356 651 quomodo
1381 584 1422 626 ex

286 697 365 757 ente
383 691 423 756 fit
441 697 476 756 et
493 711 563 756 non
582 696 660 756 ente
683 691 732 754 lit.
754 690 852 755 Alius
875 712 955 756 vero
975 688 1205 776 respondendi
1229 687 1349 754 modus
1369 697 1423 754 est

284 817 529 904 distinguendo
546 839 606 882 ens
625 817 811 897 secundum
831 816 1022 902 potentiam
1039 822 1073 879 et
1086 815 1273 880 secundum
1291 821 1428 896 actum;

285 965 326 1008 ex
343 950 422 1008 ente
442 942 534 1008 enirn
553 949 633 1008 actu
651 941 739 1007 nihil
758 942 811 1025 fit,
832 941 892 1007 sed
911 963 953 1006 ex
971 948 1049 1006 ente
1069 941 1287 1027 inpotentia.
1305 939 1429 1025 ltaque

241 1078 261 1142 ῦ
285 1068 430 1133 materia
448 1088 519 1133 non
548 1067 601 1151 fit,
621 1067 704 1153 quia
736 1088 824 1152 quae
843 1073 917 1132 erat
946 1066 985 1130 in
1014 1065 1234 1153 praecedenti
1253 1063 1425 1147 subiecto,

285 1176 390 1258 etiem
410 1193 514 1259 estin
530 1193 713 1279 praesenti.

337 1342 341 1351 ·
373 1337 407 1377 ro.
427 1316 628 1384 Subiectum
648 1340 728 1404 ergo
746 1317 811 1382 hoc
830 1317 1081 1383 contrariorum
1098 1315 1159 1381 alii
1175 1315 1316 1402 penitus
1332 1316 1429 1401 igno-

284 1449 463 1526 raverunt,
484 1442 545 1507 alii
572 1463 653 1508 vero
672 1442 922 1508 insufficienter
953 1442 1162 1527 tetigerunt,
1194 1448 1234 1506 ut
1252 1440 1429 1505 Parmeni-

284 1567 357 1651 des,
378 1567 438 1653 qui
457 1567 564 1632 etiam
584 1567 674 1632 dixit
692 1566 766 1632 fieri
798 1588 840 1632 ex
859 1589 897 1632 eo
918 1566 1011 1652 quod
1030 1588 1100 1631 non
1120 1573 1187 1648 est,
1214 1564 1427 1651 quandoqui-

218 1702 261 1766 10
283 1691 361 1757 dem
378 1714 449 1758 non
468 1692 563 1758 entia
586 1692 808 1780 appellabant
828 1691 945 1790 omnia
964 1697 1100 1779 praeter
1122 1712 1231 1756 unum
1250 1690 1427 1755 immobile

283 1820 460 1886 infinitum
480 1841 540 1885 seu
559 1819 713 1905 undique
732 1818 962 1905 sphaericum,
989 1817 1284 1903 quandoquidem,
1310 1840 1426 1883 secun·

282 1947 364 2013 dum
383 1946 512 2034 ipsum,
533 1947 647 2032 ipsum
665 1945 758 2030 quod
773 1952 824 2010 est
840 1967 913 2028 ens,
934 1951 986 2010 est
1004 1966 1113 2011 unum
1133 1950 1167 2008 et
1186 1943 1371 2026 immobile,
1391 1949 1426 2008 et

281 2094 343 2159 per
373 2093 583 2156 consequens
607 2070 854 2156 ingenerabile,
874 2069 1153 2157 incorruptibile,
1180 2092 1313 2156 semper
1332 2067 1424 2134 idem

281 2196 503 2283 relinquitur:
524 2217 605 2281 ergo
625 2194 723 2260 iuxta
746 2194 819 2260 eius
838 2195 1059 2278 sententiam,
1080 2195 1139 2261 ubi
1170 2217 1211 2260 ex
1230 2217 1301 2262 non
1320 2194 1424 2259 homo

217 2332 259 2395 15
282 2323 322 2389 fit
345 2322 462 2405 homo,
487 2321 575 2387 illud
593 2344 653 2387 ens
674 2320 765 2405 quod
783 2328 858 2385 tum
878 2321 1088 2386 contrarium
1108 2349 1126 2385 s
1152 2348 1170 2386 a
1197 2349 1215 2386 s
1242 2328 1317 2388 tum
1336 2342 1426 2387 com·

282 2450 449 2537 posituma
468 2448 558 2535 quod
591 2448 728 2513 noviter
765 2446 1000 2527 constituitur,
1032 2446 1311 2532 quandoquidem
1340 2454 1423 2513 sunt

280 2581 418 2662 praeter
436 2573 522 2638 illud
545 2595 653 2640 unum
676 2571 853 2637 immobile
873 2570 1163 2653 inconstituibile,
1184 2572 1239 2636 cui
1258 2571 1354 2638 nulla
1373 2580 1426 2639 est

282 2698 429 2765 accessio
449 2705 484 2763 et
501 2698 656 2764 recessio.
677 2695 810 2762 Deinde
828 2716 899 2762 non
923 2695 1131 2761 sufficienter
1150 2702 1315 2782 tangunt,
1342 2697 1426 2782 quia

282 2824 463 2889 materiam
490 2823 620 2889 habent
646 2830 722 2886 tum
749 2841 893 2885 numero
926 2828 1000 2885 tum
1020 2822 1179 2907 'potentia
1208 2842 1331 2904 unum,
1364 2842 1426 2886 nos
1460 2832 1462 2838 '

216 2953 261 3016 ‘20
284 2955 399 3035 autem
432 2947 679 3033 distinguimus
702 2945 894 3010 subiectum
929 2968 949 3009 a
982 2946 1155 3031 potentia,
1189 2946 1384 3032 appetitum
1404 2970 1424 3011 a

282 3075 491 3160 privatione,
523 3079 709 3155 utrumque
733 3093 752 3136 a
772 3070 993 3136 subiectione.
1029 3070 1118 3135 ltcm
1152 3071 1303 3157 privatio
1321 3071 1423 3137 nobis

198 3238 200 3245 ,
283 3198 428 3264 habetur
447 3219 517 3264 non
537 3221 597 3263 ens
621 3219 682 3284 per
701 3220 749 3279 se,
780 3196 926 3260 materia
944 3218 1025 3267 vero
1055 3218 1123 3260 non
1144 3219 1203 3261 ens
1234 3196 1421 3262 secundum

284 3323 454 3406 accidens,
475 3322 753 3409 quandoquidem
773 3322 848 3408 ipsa
866 3320 1083 3386 invariabilis
1101 3328 1153 3387 est
1172 3329 1206 3386 et
1225 3321 1424 3387 immutabi-

283 3448 339 3530 lis,
359 3450 469 3515 omnis
489 3456 604 3515 autem
623 3448 769 3515 mutatio
789 3453 823 3512 et
842 3447 989 3512 variatio
1009 3447 1099 3512 circa
1117 3447 1227 3533 ipsam
1245 3453 1279 3512 et
1295 3447 1333 3511 in
1349 3447 1424 3532 ipsa

218 3584 261 3647 25
284 3573 469 3660 conspicua
499 3581 568 3655 ast3
594 3574 653 3638 ubi
684 3574 775 3637 enim
805 3596 933 3639 novum
965 3572 1143 3658 quippiam
1174 3579 1363 3658 generatur
1390 3579 1425 3636 et

286 3701 590 3786 quomodocunque
619 3699 667 3782 fit,
688 3699 755 3785 ipsi
774 3722 845 3763 esse
864 3700 972 3784 ipsius
996 3699 1159 3764 materiae
1179 3698 1267 3762 nihil
1293 3696 1424 3762 accedit

285 3848 396 3910 neque
414 3825 593 3904 essentiae,
616 3824 674 3889 sed
702 3846 830 3888 novum
849 3846 919 3889 esse
942 3824 1162 3910 perspicuum
1186 3829 1238 3888 est
1260 3823 1352 3907 quod
1373 3830 1424 3887 ost

292 3985 419 3996 ..fin——
425 3985 560 3993 ιιι-...-
823 3986 898 3993 .·.-——
902 3987 943 3993 --.
952 3986 1056 3993 *-
1060 3987 1095 3992 —
1099 3987 1108 3991 -

377 4066 393 4114 8
410 4079 477 4114 voro
491 4082 540 4116 om.
558 4065 580 4116 0
643 4068 672 4116 10
683 4067 709 4129 f.
724 4065 898 4129 appellabat,
914 4079 939 4112 se
954 4063 1037 4112 anche
1051 4063 1096 4126 qai
1111 4065 1155 4127 (cs.
1167 4065 1258 4113 Arrot.
1273 4065 1425 4116 Oarrrorrac.

286 4152 340 4195 art.
356 4146 434 4195 III-I
437 4146 469 4211 V)
484 4145 503 4196 il
520 4147 615 4196 Brano
628 4146 779 4209 interprete
794 4142 957 4194 Parmenidc
975 4163 993 4193 a
1010 4144 1086 4193 mode
1102 4161 1149 4194 sao
1167 4161 1180 4193 e
1196 4161 1251 4194 aaa
1267 4160 1335 4194 coare
1353 4146 1427 4194 vaole

285 4225 426 4276 Aristotele
441 4228 495 4287 (raa
508 4244 530 4278 o.
547 4243 630 4289 repra
640 4243 671 4290 p.
686 4227 746 4285 272,
757 4229 774 4274 8
785 4226 848 4290 sq.);
865 4223 1012 4275 altrimenti
1030 4225 1048 4274 t'
1059 4224 1142 4275 inciso
1156 4224 1390 4290 quandoquidem
1400 4254 1425 4262 -

287 4305 465 4370 sphaericum
482 4323 516 4355 va
527 4313 661 4370 traspeste
679 4305 748 4370 dopo
766 4306 927 4371 tetigerunt
941 4310 975 4369 (r.
993 4307 1020 4367 8)
1086 4306 1116 4355 15
1131 4306 1264 4354 laterano
1279 4304 1292 4351 l
1306 4303 1428 4354 indicato

285 4383 315 4434 in
331 4384 369 4446 E,
384 4402 397 4434 c
412 4384 459 4435 aei
474 4403 527 4437 ewa
544 4383 684 4436 riesee'amo
701 4403 718 4434 a
734 4386 889 4450 supplirta:
906 4385 930 4435 si
943 4385 1072 4450 potrebbe
1088 4384 1272 4448 sopprimcrla
1288 4383 1427 4435 serirerulo

284 4481 337 4529 per
353 4481 386 4516 er.
402 4471 471 4518 sunt
484 4480 541 4518 non
556 4468 635 4518 entia
648 4464 736 4517 iuvere
752 4463 781 4517 di
792 4467 863 4518 illud
878 4481 929 4518 ens
943 4467 1018 4531 qnod
1083 4467 1112 4514 21
1131 4470 1277 4532 utrunque
1290 4465 1316 4514 Ε
