3488 5108
665 433 793 478 laneas
812 432 971 479 raremm
995 434 1199 480 survvanvu.
1441 421 1500 479 229

451 591 481 654 6.
505 589 649 657 Obiecta
682 613 745 677 per
772 593 959 677 potentiae,
984 601 1023 656 nt
1045 589 1153 657 'color
1183 597 1234 657 est
1262 590 1411 676 qualitas
1441 614 1503 678 per

361 715 475 782 visum
498 739 557 782 seu
572 736 635 805 per
653 716 800 783 visivam
819 716 984 782 virtutem
1004 715 1321 803 apprehensibilis‘,

451 841 481 906 7.
506 840 581 924 Ars,
602 841 702 924 aetio,
722 841 875 929 operatio
894 865 956 929 per
979 842 1144 908 terminos
1168 849 1341 928 agentem,
1372 842 1506 908 subiec-

362 974 436 1032 tum
455 972 490 1031 et
508 964 624 1049 finem,
641 966 697 1032 vel
715 989 777 1055 per
792 967 860 1034 duo
878 967 1001 1034 horum
1021 976 1144 1054 agente
1163 988 1234 1033 non
1252 967 1501 1055 praetermisso.

317 1087 338 1150 b
449 1090 481 1156 8.
501 1091 775 1158 Instrumentum
791 1099 1024 1181 peragentem
1043 1100 1078 1158 et
1096 1092 1210 1178 finem,
1223 1099 1263 1157 ut
1279 1091 1436 1158 ‘malleus
1450 1100 1502 1158 est

362 1238 517 1303 organon
532 1239 600 1304 qno
616 1216 714 1284 faber
730 1219 841 1285 utitur
856 1217 900 1285 ad
912 1218 1142 1303 dilatandum,
1156 1217 1401 1285 conterendum
1418 1227 1500 1301 ete.;

361 1344 512 1411 calamus
531 1350 583 1410 est
601 1344 870 1411 instrumentum
889 1345 1065 1433 scriptoris
1085 1343 1129 1410 ad
1151 1344 1393 1411 seribendum'.

450 1471 481 1535 9.
505 1469 659 1535 Termini
676 1492 738 1558 per
751 1493 791 1536 ea
807 1493 954 1556 quornm
969 1478 1064 1554 sunt,
1081 1476 1121 1536 ut
1135 1478 1286 1558 punctus
1301 1492 1363 1558 per
1375 1468 1502 1537 lineam

362 1595 459 1664 euius
478 1604 530 1663 est
549 1597 737 1682 terminus,
766 1597 912 1663 materia
931 1619 993 1685 per
1021 1596 1268 1681 substantiam,
1287 1597 1422 1664 numeri
1440 1619 1501 1685 per

298 1726 341 1789 10
363 1744 554 1789 numerum.

453 1850 504 1914 10.
528 1847 745 1915 Intentiones
763 1847 896 1935 primae
914 1869 976 1934 per
998 1847 1093 1913 entia
1111 1846 1218 1914 realia
1246 1869 1391 1934 quorum
1419 1855 1502 1914 sunt

363 1972 587 2058 intentiones,
607 1972 776 2039 secundae
795 1996 856 2059 per
875 1973 1015 2060 propria
1031 1995 1159 2059 genera
1175 1981 1210 2038 et
1228 1972 1386 2059 proprias
1404 1972 1502 2039 diffe-

363 2098 501 2183 rentias,
521 2120 666 2183 quarum
683 2099 769 2165 aliae
786 2099 812 2164 Ι.
833 2099 992 2183 morales,
1010 2099 1055 2164 II.
1071 2098 1270 2182 rationales,
1290 2097 1353 2163 ΙΠ.
1372 2097 1501 2164 mathe-

362 2224 522 2309 maticae,
542 2225 601 2292 IV.
621 2223 899 2310 grammaticales
918 2232 1011 2290 sunt.

299 2351 340 2415 15
452 2352 503 2418 11.
520 2351 672 2417 Effectus
691 2350 884 2437 dupliciter,
901 2357 940 2416 ut
956 2349 1132 2416 actionum
1146 2349 1231 2417 fines
1244 2357 1280 2416 et
1295 2348 1444 2435 termini,
1460 2357 1499 2414 ut
1526 2347 1641 2411 194Γ

362 2474 483 2542 'vestis
496 2483 547 2542 est
558 2477 701 2542 sartoris
717 2475 877 2542 ultimum
897 2476 996 2564 opus'
1007 2499 1014 2560 ;
1027 2476 1072 2541 ΙΙ.
1083 2482 1123 2541 ιι1
1135 2474 1178 2541 ad
1190 2475 1311 2559 finem,
1327 2474 1381 2541 ‘ut
1393 2475 1499 2541 vestis

362 2607 415 2666 est
430 2602 555 2667 sutoris
571 2624 657 2689 opus
675 2601 731 2667 vel
748 2601 1015 2669 instrumentum
1029 2600 1072 2667 ad
1082 2623 1205 2689 corpus
1223 2599 1499 2687 contegendum'.

452 2729 503 2792 12.
527 2728 710 2794 Attributa
729 2751 789 2794 seu
802 2728 933 2794 formae
950 2750 1007 2794 seu
1022 2727 1220 2816 praedicata
1236 2726 1500 2815 personandum

363 2852 454 2938 quod
472 2860 508 2918 et
526 2875 608 2939 qne,
627 2862 667 2920 ut
685 2853 838 2920 'benitas
868 2861 920 2920 est
944 2875 1011 2939 quo
1041 2853 1151 2919 bonus
1177 2852 1363 2936 benefacit,
1384 2853 1496 2917 virtus

295 2983 340 3046 20
362 2978 549 3045 secundum
570 3002 673 3065 quam
692 2979 838 3046 virtuosi
858 2979 1030 3045 dieimur‘,

451 3107 502 3170 13.
526 3106 647 3171 Partes
665 3128 744 3171 suas
763 3105 902 3192 oblique
925 3112 1053 3188 sumta,
1078 3112 1116 3170 ut
1139 3103 1286 3170 'festuca
1310 3111 1362 3170 est
1381 3105 1499 3191 paleae

360 3230 546 3318 particula,
565 3230 696 3317 digitus
715 3238 767 3297 est
785 3252 907 3296 manus
926 3230 1033 3318 pars’.

451 3359 501 3422 14.
520 3356 628 3444 Signa
644 3364 678 3422 et
694 3356 922 3422 indicationes
940 3379 1001 3444 per
1020 3378 1059 3422 ea
1076 3377 1222 3442 quorum
1238 3363 1319 3422 sunt
1334 3357 1444 3443 signa,
1460 3363 1499 3422 ut

360 3483 516 3549 'nomina
534 3490 569 3549 et
588 3484 694 3549 verba
714 3481 923 3569 simplicium
946 3482 1196 3568 intentionum,
1216 3483 1388 3549 orationes
1409 3504 1498 3547 eom·

293 3619 337 3683 25
360 3608 540 3697 plexa-rum
560 3607 818 3674 intentionum’.

451 3746 501 3810 lb.
528 3745 800 3813 Distiuetionum
824 3746 963 3811 termini
984 3769 1053 3812 non
1082 3747 1295 3815 definiuntur
1315 3747 1381 3813 nisi
1406 3747 1497 3834 quod

360 3870 526 3955 numeris,
548 3879 587 3936 ut
605 3870 747 3959 'primo,
768 3869 982 3955 secundario,
1003 3872 1220 3960 simpliciter'
1240 3880 1274 3939 et
1292 3874 1459 3939 similiter.

364 4054 608 4063 ψ...-

453 4163 483 4213 15
500 4163 576 4213 aetio
595 4178 640 4212 um
656 4161 713 4228 (sic)
727 4165 750 4212 A
816 4165 845 4214 17
862 4171 906 4215 eat
918 4170 968 4216 tex
982 4167 1076 4230 (autea
1084 4168 1161 4232 forae
1173 4164 1327 4216 coruinoialo
1341 4167 1463 4216 textoris
1473 4164 1497 4229 ?)

360 4242 467 4292 sutoria
485 4241 518 4292 Al
566 4243 620 4311 vel]
638 4244 673 4293 ad
690 4243 723 4292 11¹
774 4246 1060 4310 contegendnmuoi:
1079 4245 1325 4296 contexendumd
1373 4245 1402 4295 21
1420 4252 1496 4304 snas]

360 4320 384 4371 ai
397 4322 572 4386 espelterobtu
585 4338 636 4388 per
651 4329 725 4388 tota,
744 4339 758 4372 ο
769 4325 848 4386 sorae
864 4332 968 4376 mitrata
984 4325 1147 4376 castroziano
1164 4340 1230 4375 suaa
1248 4332 1336 4383 (tota)
1353 4323 1417 4389 (clod
1431 4324 1498 4375 defi·

361 4404 479 4466 niuno?
546 4402 744 4467 mandante
756 4421 865 4456 numero
882 4407 920 4457 15.
936 4423 1008 4459 corr.
1032 4406 1069 4457 da
1089 4407 1160 4457 lud
1233 4409 1264 4456 211
1279 4407 1346 4465 nisi]
1359 4405 1496 4470 niaiprl¹

359 4486 398 4535 26.
407 4484 439 4532 27
455 4485 531 4550 qnod
544 4486 671 4536 numeris
689 4484 748 4536 noi:
766 4487 835 4553 quid
854 4478 919 4538 nois
933 4488 997 4553 (aot
1008 4488 1146 4551 nominis)
1158 4486 1180 4536 A
