3488 5108
287 402 346 461 342
724 416 864 464 ienuam
883 417 986 464 saum

288 573 473 661 aliquando
484 594 626 662 corpere
641 573 892 641 intumescente
906 583 1050 663 propter
1062 573 1308 641 resolutionem
1324 573 1427 662 spissi

286 697 324 763 in
343 720 459 764 rarum
477 699 533 763 vel
555 708 697 787 propter
727 699 1029 766 condensationem
1052 700 1239 766 earundem
1268 699 1425 787 partium

287 824 484 889 sistentium
502 830 634 890 motum
653 847 712 890 seu
732 825 863 891 fluxum
882 823 1065 891 humorum
1095 830 1199 911 atque
1227 822 1426 911 sanguiniS,

288 972 357 1016 non
376 949 462 1016 faoit
480 951 672 1017 membrum
691 974 750 1017 seu
769 973 892 1040 eorpus
918 958 1070 1035 auctum,
1101 950 1159 1018 sed
1189 957 1362 1017 mutatum
1392 957 1428 1015 et

243 1078 265 1144 5
287 1077 481 1143 alteratum.
501 1078 653 1145 Auetum
670 1100 753 1145 vere
776 1078 917 1163 dieitur,
941 1078 1080 1166 quande
1108 1079 1206 1145 iuxta
1234 1079 1429 1175 naturalem

288 1202 453 1269 similium
471 1203 724 1290 appositionem
744 1205 835 1270 eirea
855 1203 995 1288 similia,
1017 1210 1186 1291 quatenus
1216 1211 1251 1270 et
1278 1203 1377 1270 nervi
1395 1209 1430 1269 et

290 1350 368 1395 earo
392 1335 455 1394 eto.
479 1329 680 1396 adolescunt
708 1353 770 1418 per
801 1354 970 1399 novarum
999 1331 1152 1419 partium
1186 1330 1429 1413 adiectionem,

289 1476 390 1541 opere
422 1455 558 1521 animae
590 1456 809 1543 vegetativae
843 1457 1076 1524 eonvertentis
1106 1456 1359 1523 nutrimentum
1392 1457 1431 1522 in

289 1580 533 1666 substantiam,
554 1582 680 1648 nutriti
699 1583 859 1649 animalis
876 1583 989 1650 auetio
1009 1590 1070 1650 est.
1086 1583 1315 1649 Elementaris
1334 1605 1433 1665 vero,
1526 1606 1531 1616 ·

227 1721 269 1785 10
291 1704 428 1790 quando
444 1705 534 1772 fonti
551 1708 607 1773 vel
622 1706 893 1775 fluvioaeoessie
909 1709 950 1775 fit
962 1709 1253 1796 homogenearum
1269 1709 1432 1797 partium,

290 1830 451 1898 similiter
480 1840 516 1899 et
543 1833 652 1921 lapidi
682 1841 716 1900 et
743 1835 897 1923 plantae,
929 1834 1018 1901 sieut
1048 1842 1083 1900 et
1109 1835 1263 1919 metelle,
1289 1835 1380 1900 sieut
1399 1842 1434 1900 et

291 1956 508 2023 animalibus.
543 1958 586 2024 In
619 1958 741 2025 herum
776 1961 983 2047 quibusdam
1017 1961 1132 2026 auctio
1163 1959 1204 2025 fit
1241 1958 1433 2028 seeundum

292 2104 408 2148 omnes
428 2090 543 2169 partes
562 2091 669 2166 eerte,
689 2086 784 2152 utin
803 2086 1011 2153 animalibus
1030 2093 1065 2151 et
1083 2085 1222 2173 plantis.
1243 2085 1250 2173 Ι
1269 2085 1327 2151 An
1345 2109 1427 2153 vere
1453 2090 1547 2155 36'
1566 2088 1604 2152 Ο

292 2207 383 2272 idem
398 2207 532 2274 aecidat
549 2208 626 2274 aliis
646 2211 861 2298 cerporibus,
878 2211 1056 2297 inquibus
1072 2209 1193 2278 munia
1209 2211 1345 2278 animae
1359 2234 1430 2278 nen

230 2346 269 2409 15
292 2340 473 2420 apparent,
493 2333 592 2400 iuxta
608 2334 673 2400 hoe
690 2358 799 2422 genus
817 2335 1084 2424 philosophandi
1102 2358 1173 2402 nen
1191 2336 1293 2403 facile
1313 2337 1434 2431 defini·

292 2457 397 2523 nitur.
416 2459 460 2524 In
478 2459 532 2525 his
550 2459 710 2526 omnibus
729 2460 816 2527 illud
842 2469 894 2528 est
919 2461 1122 2546 cavendum,
1151 2484 1195 2527 ne
1224 2469 1436 2529 transmuta-

294 2589 370 2649 tum
387 2583 488 2650 aliter
507 2593 647 2652 auctum
665 2587 885 2673 appellemus.
911 2587 990 2652 Non
1009 2586 1101 2652 enim
1131 2594 1252 2653 anetus
1280 2593 1331 2652 est
1361 2610 1438 2653 san·

293 2706 385 2794 guis,
405 2709 435 2775 si
454 2710 591 2797 quando
606 2710 701 2798 igne,
719 2712 831 2778 oalore
848 2713 901 2778 vel
920 2712 986 2778 bile
1002 2711 1171 2777 intumuit
1186 2718 1221 2778 et
1236 2711 1273 2777 in
1290 2712 1434 2800 spiritus

294 2838 466 2905 ferventes
485 2847 537 2905 est
555 2841 734 2907 resolutus.
754 2841 843 2908 item
862 2842 1000 2926 quande
1020 2841 1143 2906 mixtio
1162 2841 1217 2925 fit,
1235 2864 1359 2928 nempe
1375 2840 1437 2905 ubi

229 2971 275 3035 20
296 2968 378 3032 vino
397 2967 569 3055 quispiam
590 2990 714 3052 aquam
733 2969 889 3034 affundat
902 2969 956 3034 vel
972 2976 1117 3055 argente
1133 2990 1264 3049 aurum,
1281 2967 1318 3032 in
1335 2967 1437 3032 unius

297 3095 448 3181 eorporis
481 3095 628 3161 formam
657 3104 908 3179 transmutans,
943 3097 1108 3162 nimirum
1140 3118 1250 3181 neque
1282 3099 1286 3178 Ι
1316 3116 1438 3159 aurum
1463 3092 1605 3156 51vB

297 3243 421 3307 augere
450 3221 626 3287 videbitur
654 3244 765 3308 neque
794 3230 991 3307 argentum,
1014 3229 1103 3288 esset
1125 3221 1291 3287 nimirum
1307 3220 1437 3303 auctio,

298 3346 435 3432 quande
454 3355 569 3434 partes
589 3347 726 3435 argenti
744 3348 799 3413 vel
818 3356 934 3434 partes
954 3370 1062 3432 aquae
1084 3370 1155 3414 nen
1179 3347 1289 3413 solum
1309 3344 1438 3411 mixtae

298 3471 356 3536 sed
375 3479 410 3536 et
428 3474 593 3538 alteratae
612 3475 658 3558 [et
676 3496 712 3538 re
730 3473 807 3560 ipsa
826 3472 973 3560 speeiem
992 3472 1051 3538 sed
1069 3473 1213 3538 alterata
1231 3473 1276 3557 et]
1296 3493 1333 3536 re
1361 3470 1440 3557 ipsa

231 3606 274 3668 ‘25
298 3599 335 3664 in
351 3601 499 3686 speeiem
514 3600 720 3689 profundius
736 3601 811 3666 vini
827 3608 862 3665 et
880 3600 955 3667 auri
972 3600 1022 3665 ita
1038 3607 1151 3666 essent
1167 3604 1330 3682 mutatae,
1348 3597 1440 3662 sieut

299 3726 455 3792 videmus
475 3726 613 3813 ohylum
633 3735 805 3792 mutatum
822 3727 859 3791 in
883 3726 1152 3811 sangui11em,ot
1171 3725 1286 3790 eibum
1310 3724 1348 3788 in
1372 3745 1443 3789 oer-

298 3852 392 3939 poris
411 3853 588 3919 nutriendi
608 3853 849 3919 substantiam.
870 3851 927 3916 Sie
946 3858 1062 3917 autem
1081 3858 1207 3916 natura
1224 3850 1311 3916 faoit
1331 3854 1444 3914 muta·

702 4057 810 4061 ....—-....
833 4057 854 4061 .-.
863 4052 1400 4061 —————-—-.-———
1412 4051 1432 4056 —-

395 4188 408 4236 1
425 4200 544 4250 corpore
555 4183 709 4250 aliquando
724 4184 746 4234 0
807 4184 822 4232 4
840 4182 919 4249 feeit]
934 4182 1141 4234 comessionem
1157 4180 1187 4232 ‹a‘
1204 4187 1321 4247 prepter
1335 4179 1444 4230 resolu-

302 4267 408 4318 tionem
421 4275 466 4318 εἰσ.
479 4265 629 4330 procederae
640 4264 781 4315 resolutio
791 4270 837 4315 etc.
900 4265 923 4313 6.
935 4265 949 4313 i
966 4264 1060 4326 nervi,
1074 4279 1153 4326 earo,
1169 4277 1248 4325 ossa,
1261 4261 1312 4326 pili
1326 4267 1355 4310 et
1369 4261 1445 4311 simi-

301 4348 377 4398 liat'
438 4348 476 4399 15.
487 4348 518 4397 16
534 4346 671 4395 definitur
690 4342 717 4395 0¹
784 4347 814 4394 19
828 4345 884 4394 1:23
901 4346 997 4394 mistio
1011 4361 1024 4392 e
1038 4345 1140 4394 mistae
1151 4344 1177 4392 Ε
1238 4344 1269 4390 ‘34
1286 4348 1316 4392 et
1334 4342 1446 4392 re-al·

555 4424 579 4451 ro
596 4414 668 4451 oritur

302 4486 395 4532 terete
407 4486 438 4532 et
450 4496 565 4546 erpaaqe
576 4425 672 4530 ricoldo
734 4479 765 4529 25
782 4484 859 4529 esset
875 4482 987 4529 mutata
1000 4479 1027 4528 Ε
