3488 5108
297 366 356 425 422
734 377 874 422 rounam
894 377 998 424 earm

297 541 503 603 concurrant
518 534 624 601 etiam
639 534 845 618 necessarie,
856 556 927 600 non
938 540 1056 600 tamen
1074 533 1326 621 principaliter.
1341 531 1442 612 Quod

296 681 377 726 vero
396 682 457 746 per
476 659 639 726 effluxum
657 659 823 747 partium,
841 661 900 746 qui
920 660 960 724 fit
979 660 1022 726 ab
1041 658 1238 726 huiusmodi
1257 658 1440 743 subiectis,

296 783 381 850 haec
404 785 565 851 attractio
589 784 784 872 proveniat,
804 783 890 851 illud
913 784 1059 870 indicat,
1085 783 1177 870 quod
1195 806 1339 872 magnes
1367 807 1444 872 per·

297 910 420 976 frictus
439 917 474 976 et
493 910 612 978 ambra
630 912 765 998 paleam
783 909 952 977 trahendo
972 918 1006 976 et
1024 909 1154 976 serrum
1174 915 1273 976 tanto
1293 909 1443 997 amplius

254 1047 274 1111 5
297 1037 522 1120 roborantur,
554 1038 646 1103 calor
680 1036 772 1103 enim
804 1036 864 1102 ille
897 1037 1062 1103 maiorem
1095 1037 1249 1124 partium
1277 1034 1442 1101 effluxum

297 1163 446 1246 inducit,
471 1163 509 1228 in
539 1162 636 1228 ouius
664 1162 795 1228 virtute
825 1168 877 1228 est
905 1185 1007 1249 poros
1032 1163 1166 1250 aperire
1194 1169 1229 1228 et
1248 1183 1372 1249 corpus
1391 1183 1444 1227 ra-

296 1288 461 1354 refecere.

388 1411 614 1478 Manifestum
629 1413 711 1479 hine
726 1419 778 1478 est
793 1435 929 1500 quoque
946 1413 1058 1479 simile
1073 1412 1241 1478 iudicium
1259 1432 1325 1498 quo
1342 1409 1444 1477 modo

299 1560 361 1605 suo
380 1538 631 1604 rhabarbarum
650 1537 759 1604 trahit
779 1538 950 1605 choleram
975 1538 1018 1603 ab
1043 1535 1321 1603 extremitatibus
1341 1558 1401 1601 seu
1425 1558 1446 1600 a

236 1673 276 1736 10
299 1663 457 1751 partibus
477 1663 847 1730 circumferentialibus
864 1662 1025 1729 animalis
1045 1662 1088 1729 ad
1107 1662 1287 1746 intestina,
1306 1660 1445 1747 quando

299 1789 501 1856 sufficientis
519 1789 626 1856 fuerit
644 1789 800 1872 virtutia,
818 1812 890 1856 non
905 1790 1050 1876 inquam
1066 1795 1186 1855 tantae
1204 1794 1244 1853 ut
1264 1787 1442 1874 quampri-

300 1938 394 1981 mum
423 1938 444 1980 a
475 1921 600 1980 natura
630 1915 822 2001 expellatur
856 1923 1042 2002 antequam
1077 1920 1253 2002 operetur,
1278 1935 1342 1979 neo
1369 1921 1444 1979 tam

300 2042 452 2126 remisse,
465 2047 505 2107 ut
517 2047 654 2107 moveat
667 2046 804 2106 tantum
824 2041 1001 2107 humorem
1021 2049 1055 2106 et
1074 2064 1145 2108 non
1166 2039 1328 2108 attrahat.
1345 2039 1446 2120 Quod

301 2167 405 2232 etiam
420 2166 458 2232 in
475 2173 634 2253 magnete
653 2172 688 2232 et
706 2166 877 2233 similibus
895 2167 1007 2233 virtus
1031 2174 1065 2233 et
1088 2166 1239 2233 efficacia
1255 2167 1445 2234 attractiva

238 2303 279 2370 15
301 2293 436 2358 nonsit
455 2315 475 2357 a
494 2291 662 2378 qualitate
680 2291 820 2378 passiva
834 2292 889 2358 vel
906 2293 1035 2375 activa,
1052 2291 1239 2359 secundum
1260 2290 1445 2378 vulgatum

301 2441 410 2505 genus
423 2417 569 2484 actionis
587 2418 643 2484 vel
657 2416 840 2504 passionis,
856 2418 966 2484 veluti
979 2418 1149 2505 reperitur
1164 2416 1202 2482 in
1217 2423 1366 2504 quatuor
1382 2418 1447 2483 ele·

302 2551 497 2612 mentorum
515 2545 647 2628 formiS,
665 2543 804 2631 signum
823 2549 875 2610 est
895 2543 986 2630 quod
1006 2550 1041 2609 et
1059 2543 1173 2631 ipsum
1193 2544 1337 2627 ferrum,
1355 2544 1449 2630 quod

302 2670 409 2737 fuerit
432 2693 452 2735 a
476 2675 634 2755 magnete
654 2675 865 2755 contactum,
881 2668 1009 2735 imbuit
1031 2668 1104 2735 vim
1127 2668 1271 2734 eandem
1284 2667 1447 2735 trahendi

304 2796 399 2861 aliud
417 2795 555 2861 ferrum.
575 2793 672 2872 Quod
692 2794 722 2859 si
740 2800 829 2859 esset
848 2817 867 2859 a
887 2795 1055 2880 qualitate
1072 2794 1286 2878 elementari,
1307 2814 1378 2858 non
1396 2815 1449 2859 ac·

238 2936 282 2999 20
305 2922 433 2987 oideret
456 2921 536 3003 hoc;
557 2921 649 2986 calor
673 2920 765 2985 enim
783 2925 817 2985 et
845 2918 956 3005 frigus
980 2919 1240 2986 accidentaliter
1263 2919 1448 2985 advenien-

306 3049 355 3114 tia
379 3047 540 3114 subiectis
566 3070 644 3112 cum
668 3047 776 3134 ipsius
796 3044 1028 3111 calefacientis
1050 3046 1207 3111 absentia
1226 3053 1448 3112 evanescunt.

307 3170 453 3258 Oportet
481 3171 592 3258 igitur
623 3170 666 3237 ad
694 3170 856 3235 effluxum
880 3171 1032 3256 partium
1063 3172 1127 3236 hoe
1149 3170 1291 3256 referre,
1316 3193 1404 3256 quae
1429 3195 1450 3237 a

306 3306 466 3383 magnete
478 3297 653 3362 effluentes
668 3297 703 3361 in
721 3295 850 3361 ferrum
866 3296 1048 3380 influxere,
1062 3296 1227 3383 spiritalis
1241 3296 1447 3362 substantia.

307 3423 423 3488 Aliam
445 3422 614 3488 rationem
639 3421 762 3487 horum
783 3421 968 3487 effectuum
990 3421 1046 3485 vel
1069 3421 1292 3487 verisimilem
1308 3419 1449 3487 difficile

241 3559 284 3624 ⁸25
308 3555 359 3613 eat
382 3548 556 3633 effingere,
577 3555 612 3612 et
634 3547 699 3613 hac
717 3554 910 3633 perspecta,
932 3568 1019 3631 quae
1038 3545 1189 3631 undique
1213 3546 1280 3611 sibi
1301 3552 1450 3632 constat,

308 3674 421 3741 varias
441 3673 641 3759 chymaeras
661 3679 696 3738 et
715 3672 862 3755 somnia,
884 3672 1009 3757 quibus
1029 3671 1090 3736 alii
1107 3671 1209 3737 huius
1229 3672 1449 3738 attractionis

310 3821 427 3864 causae
447 3807 528 3864 sunt
547 3798 745 3882 commenti,
765 3795 866 3862 facile
886 3805 938 3861 est
961 3796 1168 3862 examinare.

404 4123 418 4170 1
431 4124 606 4171 concurrent
618 4119 704 4168 etiam
713 4116 754 4167 M:
771 4120 857 4169 etiam
871 4117 1081 4169 concurruntO
1141 4118 1156 4167 4
1169 4116 1318 4181 trahendo]
1328 4118 1450 4168 trahunt

311 4201 447 4254 etserM¹
510 4198 779 4268 9a]svaailoiaM?
842 4200 874 4249 10
887 4198 1223 4251 adaaaintestinarlt
1286 4199 1316 4247 13
1324 4198 1453 4262 ferrere-

311 4285 415 4335 missae
479 4285 509 4333 1-1
521 4281 677 4333 attractiva
691 4299 750 4347 cyp.
761 4297 846 4345 marg.
857 4283 889 4331 ,11
950 4283 980 4331 18
992 4280 1189 4330 attrahonrlit‘
1252 4280 1282 4329 19
1294 4285 1451 4344 octarrrary.

310 4364 494 4431 illepqitilell
553 4365 585 4414 ‘23
601 4363 671 4428 dopo
684 4364 792 4413 ferrum
807 4363 925 4414 cancella
939 4362 1021 4414 effM
1082 4350 1186 4426 aprelis
1203 4359 1243 4410 M:
1260 4359 1454 4425 spiritualist'

310 4450 341 4500 21
360 4449 513 4498 verisimile
532 4447 574 4498 M:
594 4446 749 4498 verisimile
767 4447 789 4498 Ο
849 4442 1191 4497 mauretaniarum
