3488 5108
299 405 359 463 480
740 421 878 465 rounam
900 421 1000 466 unvnr

299 574 428 634 cundum
446 576 611 648 qualitates
629 576 746 635 activas
767 584 799 636 et
823 575 964 653 passivas
982 595 999 633 a
1017 575 1215 651 qualitatibus
1233 575 1443 637 huiuscemodi

298 701 353 740 seu
371 683 545 760 speciebus,
565 702 643 758 quae
661 703 758 758 neque
776 683 807 743 in
824 681 930 742 ordine
947 682 1117 742 activorum
1135 703 1233 758 neque
1250 685 1442 762 passivorum

298 788 448 849 habentur
467 811 485 848 a
502 791 608 866 vulgo,
631 792 832 865 exuscitatur,
849 791 941 850 timor
955 799 1057 850 autem
1076 790 1251 867 infrigidat,
1267 792 1313 851 ira
1329 791 1443 852 calefa-

297 896 351 971 cit,
370 897 497 956 tristitia
515 897 639 956 exiccat.
662 897 767 973 Neque
795 900 884 958 obest
906 897 1007 957 dicere
1030 897 1216 958 eiuscemodi
1243 899 1442 959 alterationes

252 1001 272 1061 5
296 1024 365 1064 esee
383 1024 438 1082 per
455 1005 605 1080 quandam
620 1026 677 1063 non
694 1006 908 1084 principalem,
927 1005 983 1065 aed
1000 1005 1164 1066 mediatam
1183 1005 1334 1082 quandam
1351 1007 1443 1066 actio·

296 1134 364 1172 nem
383 1114 387 1192 1
407 1122 438 1170 et
462 1133 517 1190 per
537 1113 620 1172 aliud
640 1112 785 1188 quiddam
803 1111 976 1195 [actionem]
995 1113 1253 1191 proficiscentem;
1276 1112 1441 1188 quomodo·
1467 1115 1627 1178 35rM

297 1240 413 1296 cunque
443 1221 522 1279 enim
554 1219 619 1295 liat,
653 1219 692 1277 ad
719 1239 816 1296 genus
848 1220 1016 1279 antivarum
1044 1219 1224 1295 qualitatum
1251 1237 1309 1277 uon
1340 1217 1439 1280 minus

296 1326 464 1404 principale
489 1326 683 1387 referendum
710 1336 758 1386 est
779 1327 837 1386 hoo
854 1347 941 1402 quam
964 1326 1049 1386 illud.
1073 1326 1160 1402 Ignis
1188 1325 1279 1385 etiarn
1303 1336 1333 1386 et
1360 1347 1439 1402 aqua

296 1434 387 1493 etiam
402 1432 555 1492 interdum
567 1453 622 1512 per
640 1432 781 1493 accidens
798 1443 829 1493 et
841 1433 974 1492 mediato
988 1431 1186 1508 frigefaciunt
1201 1440 1230 1491 et
1245 1431 1436 1509 calefaciunt,

234 1542 274 1605 10
296 1549 397 1600 tamen
421 1540 533 1600 sufficit
546 1540 585 1599 ad
602 1560 748 1618 praesens
765 1549 872 1600 notare
886 1541 973 1616 illud,
988 1539 1071 1615 quod
1086 1538 1259 1599 huiusmodi
1272 1539 1438 1615 qualitates

295 1647 408 1706 hebent
425 1648 486 1707 vim
501 1648 630 1723 ligandi,
643 1647 802 1724 alterandi,
820 1647 1003 1719 infirmandi,
1016 1646 1196 1706 immutandi
1210 1666 1306 1722 usqne
1322 1646 1359 1706 ad
1375 1667 1439 1707 cor-

296 1754 467 1830 ruptionem
490 1756 634 1832 subieoti,
652 1755 894 1832 quandoquidem
914 1775 951 1815 ex
970 1755 1072 1832 specie
1090 1753 1157 1814 visa
1172 1754 1294 1832 plurimi
1310 1764 1438 1832 repente

295 1861 405 1920 mortui
422 1875 501 1922 eunt.

811 2182 925 2246 XLII.

231 2463 272 2523 lo
386 2458 461 2522 Nou
499 2459 610 2544 magis
634 2482 673 2525 ea
707 2459 861 2542 laedunt,
898 2482 985 2544 quae
1019 2460 1131 2544 magis
1162 2461 1360 2526 sentiuntur
1383 2464 1439 2528 vel

298 2606 438 2649 sensum
455 2586 622 2667 afficiunt;
644 2586 753 2651 multa
773 2586 864 2650 enim
880 2608 942 2671 per
958 2608 1076 2650 sensus
1092 2584 1148 2650 vel
1167 2585 1270 2651 etiarn
1292 2585 1438 2652 iocunde

295 2716 330 2773 et
343 2709 499 2797 incaute}
522 2711 728 2796 ingeruntur
740 2711 777 2776 iu
791 2711 952 2798 spiritum
969 2710 1087 2776 letalia
1103 2718 1138 2774 et
1157 2710 1317 2797 obligant
1335 2711 1435 2798 spiri·
1466 2716 1558 2781 85¹
1573 2718 1612 2781 G

210 2857 211 2861 ¹
292 2841 366 2898 turn
384 2858 443 2901 seu
463 2837 662 2902 universum
678 2839 820 2921 animal,
840 2861 985 2923 quorum
1005 2837 1073 2902 ulia
1091 2836 1279 2902 secundum
1296 2861 1435 2903 sensum

292 2960 430 3026 affectio
455 2985 524 3027 non
544 2964 730 3049 praeceditg
752 2965 922 3049 siquidem
946 2965 1055 3029 veluti
1078 2987 1140 3050 per
1162 2974 1303 3048 gustum
1323 2965 1434 3029 multa

225 3085 269 3147 20
293 3097 374 3151 sunt
402 3111 531 3171 cantara,
561 3091 668 3172 acria,
698 3114 833 3176 aspera,
866 3114 952 3174 (puae
977 3112 1045 3155 non
1074 3089 1230 3178 laedupt,
1255 3114 1296 3154 ea
1314 3099 1432 3155 tamen

290 3216 344 3280 vel
361 3225 442 3281 sunt
459 3217 648 3282 medicinae
665 3218 840 3282 interdum
853 3227 887 3282 et
905 3218 1132 3300 nutrimenta,
1150 3219 1312 3305 pleraque
1327 3219 1433 3284 etiam

290 3344 386 3408 nullo
405 3367 520 3425 sensu,
545 3352 584 3409 ut
603 3353 662 3409 a'e'r
684 3345 827 3430 pestifer
846 3356 880 3410 et
900 3345 1067 3429 quaedam
1092 3368 1180 3430 quae
1197 3370 1259 3432 per
1279 3371 1315 3412 os
1335 3348 1431 3433 inge-

290 3475 415 3533 runtur
431 3478 512 3533 sunt
530 3492 663 3534 veneno
683 3470 756 3534 sine
775 3493 890 3552 sensu,
911 3493 1017 3554 nsque
1037 3471 1080 3534 cd
1097 3471 1161 3535 hoc
1180 3480 1219 3535 ut
1238 3472 1341 3536 etiarn
1359 3473 1431 3537 sint

292 3594 406 3660 dulcia
437 3603 473 3660 et
490 3595 638 3661 iocunda
663 3618 750 3680 operae
779 3605 861 3661 suut
891 3619 1037 3676 venena,
1058 3598 1107 3662 ita
1128 3605 1161 3661 ct
1191 3599 1299 3663 multo
1319 3599 1430 3684 magis

214 3721 268 3793 ,25
293 3744 355 3807 per
372 3722 516 3787 oculum.

380 3931 578 3991 Manifestum
597 3942 644 3991 eet
662 3953 698 3991 ex
715 3934 842 3993 articulo
861 3934 920 3993 4⁶2⁰.

824 4158 837 4162 --
858 4157 1093 4163 .—.——.--—-
1122 4156 1424 4163 ---—--—--—-———-

384 4305 398 4350 tt
416 4304 617 4354 exuscitantur
633 4305 691 4369 (sir)
704 4307 735 4357 0:
745 4308 847 4368 parole
858 4307 1008 4369 delornratn
1019 4309 1048 4357 rll
1111 4315 1216 4366 autern]
1228 4325 1251 4358 a.
1263 4309 1294 4357 Μ
1300 4326 1305 4356 :
1319 4308 1395 4358 enirn
1410 4312 1432 4361 t‘

290 4384 305 4430 a
321 4381 490 4432 ‹foncellinnro
507 4385 667 4445 [actionem]
732 4390 747 4435 n
764 4387 952 4448 frigefaciunt
966 4395 995 4437 et
1013 4389 1184 4438 calefaciunt
1199 4396 1227 4438 et
1240 4386 1361 4439 mediati)
1375 4396 1431 4439 tro·

288 4466 405 4525 sporreC
467 4468 496 4514 li
513 4467 648 4517 laethalia
665 4467 716 4517 CM
778 4470 808 4518 9³2
825 4470 944 4532 pestifer
959 4475 1032 4520 uer!
1041 4475 1045 4487 '
