3488 5108
660 432 788 477 cruens
808 430 965 477 mamm
987 431 1194 478 sancrnnvu.
1441 417 1498 475 155

446 588 521 654 Iam
540 587 649 674 igitur
669 586 910 653 convenientia
940 588 1127 653 secundum
1149 588 1380 671 voluntatem,
1401 589 1499 653 iuxta

356 713 551 801 praedictas
570 713 722 779 rationes
748 712 787 777 in
816 712 976 779 omnibus
1001 735 1061 779 suo
1080 712 1181 778 modo
1201 713 1440 796 verificabiles,
1461 713 1498 779 in

326 906 332 915 ,
358 838 507 924 triginta
525 861 588 925 pro
608 860 702 904 more
721 837 921 904 notionibus
940 838 1167 925 explicentur.

446 964 563 1029 Primo
583 986 664 1051 ergo
684 970 736 1029 est
755 962 999 1030 concordantia
1022 965 1060 1029 in
1079 963 1275 1052 aptitudine
1295 965 1500 1048 voluntatis,

314 1099 335 1163 5
360 1096 527 1174 quatenus
547 1089 707 1155 videlicet
727 1088 859 1175 aliquid
878 1088 1024 1155 inclinat
1048 1089 1092 1155 ad
1115 1090 1203 1156 illud
1227 1089 1425 1176 quodvult,
1447 1089 1500 1155 vel

359 1214 414 1279 cui
435 1213 630 1297 concordet,
651 1221 836 1301 congruat,
857 1216 1050 1281 conveniat.

448 1339 493 1404 II.
518 1339 581 1404 Est
599 1338 762 1423 facilitas,
784 1361 854 1425 qua
872 1340 952 1405 talis
971 1340 1153 1408 inclinatio
1173 1341 1210 1407 in
1229 1348 1354 1407 actum.

381 1433 385 1439 ι
448 1465 512 1530 ΙΠ.
537 1465 600 1531 Est
616 1464 862 1532 obsecundatio
877 1465 1041 1553 principii
1058 1467 1188 1554 passivi
1206 1466 1249 1533 ad
1266 1466 1503 1549 activum,vel

359 1591 586 1658 terminorum
606 1592 867 1658 convenientiae
887 1591 931 1658 ad
951 1599 1110 1678 mutuum
1130 1598 1333 1680 respectum.

297 1724 337 1788 10
450 1717 508 1782 IV.
532 1717 596 1782 Est
609 1717 870 1805 complacentia,
885 1739 972 1804 quae
984 1718 1141 1805 sequitur
1153 1718 1263 1785 veluti
1275 1725 1373 1784 actus
1393 1716 1505 1784 dictae

360 1842 660 1908 obsecundantiae.

449 1968 489 2032 V.
514 1968 577 2034 Est
596 1967 793 2051 delectatio,
815 1991 902 2055 quae
922 1975 974 2035 est
990 1970 1157 2036 terminus
1175 1969 1453 2057 complacentiae.

449 2093 507 2158 VI.
531 2094 594 2160 Est
614 2094 754 2181 adoptio
784 2095 840 2159 vel
871 2093 1051 2182 adoptioni
1077 2094 1349 2183 proportionale,
1382 2116 1505 2182 nempe

360 2219 493 2286 sanctio
513 2217 683 2304 quaedam
703 2219 794 2285 circa
813 2219 986 2286 obiectum
1006 2219 1256 2287 delectationis.

297 2350 337 2413 lb
448 2343 527 2411 VII.
550 2345 615 2411 Est
632 2366 818 2411 consensus
837 2368 897 2411 seu
915 2345 1142 2433 reciprocatio
1161 2346 1253 2412 inter
1272 2343 1506 2412 connexibilia

362 2468 631 2552 concordabilia‚
669 2477 839 2556 quatenus
872 2479 994 2538 mutuo
1029 2471 1308 2559 correspondent,
1344 2470 1435 2537 sicut
1469 2471 1506 2535 in

361 2617 476 2661 amore
495 2595 714 2661 constituunt
730 2595 1006 2664 vicissitudinem
1026 2596 1199 2684 quandam
1222 2598 1315 2683 ἔρως,
1340 2597 1484 2682 ἁντέρως.

450 2721 546 2786 VIII.
571 2722 635 2787 Est
647 2730 682 2788 et
694 2722 916 2808 consequitur
935 2723 1122 2789 concitatio
1138 2746 1197 2789 scu
1209 2720 1384 2787 anhelitus
1402 2721 1506 2786 unius
1533 2716 1649 2781 163ν

362 2846 411 2910 rei
430 2844 473 2910 ad
493 2846 611 2931 aliam,
632 2870 719 2933 quae
735 2849 773 2912 in
792 2846 940 2933 quodam
960 2848 1092 2933 impetu
1115 2847 1288 2931 consistit,
1314 2869 1383 2932 quo
1406 2869 1508 2934 repu-

295 2981 340 3045 20
361 2971 552 3058 girantibus
572 2979 606 3037 et
626 2972 755 3038 coitum
775 2972 1045 3060 impedientibus
1064 2973 1248 3039 obsistunt.

450 3098 514 3163 IX.
539 3099 603 3164 Est
633 3099 838 3185 approbatio
868 3097 924 3164 vel
955 3098 1124 3164 naturalis
1154 3099 1209 3164 vel
1240 3098 1421 3165 rationalis
1451 3099 1506 3166 vel

362 3222 576 3308 aliusmodi,
597 3230 636 3289 ut
662 3245 778 3311 supra,
799 3246 867 3309 qua
885 3231 1001 3310 partes
1021 3231 1055 3289 et
1080 3224 1322 3290 convenientia
1351 3247 1410 3290 seu
1431 3245 1509 3289 con·

362 3349 540 3415 oordantia
559 3349 610 3415 ita
629 3372 665 3416 se
684 3349 827 3433 habent,
846 3357 885 3415 ut
905 3372 941 3415 se
959 3349 1084 3416 habere
1103 3348 1239 3417 debent.

451 3475 495 3540 X.
521 3475 584 3540 Est
607 3475 841 3558 observantia,
862 3482 982 3562 utpote
1005 3482 1180 3563 respectus
1204 3484 1238 3541 et
1257 3477 1379 3542 relatio
1399 3483 1434 3542 et
1453 3500 1507 3541 ve·

295 3608 338 3672 25
361 3600 427 3666 luti
458 3600 548 3666 oculi
578 3600 719 3666 iniectio
742 3600 787 3666 ad
817 3601 884 3667 sibi
912 3623 1104 3688 congruens
1129 3603 1193 3688 [ad]
1217 3602 1505 3690 persequendum,

363 3726 572 3792 contrarium
590 3725 806 3810 evitandum,
821 3727 1106 3815 impedimentum
1123 3727 1364 3812 avertendum,
1384 3727 1506 3793 favens

362 3852 628 3938 admittendum,
650 3854 868 3921 commodum
887 3853 1118 3920 revocandum
1138 3855 1175 3920 in
1195 3854 1356 3921 medium.

451 3981 514 4046 XI.
539 3983 602 4047 Est
621 3982 783 4067 attenti0,
804 4001 877 4067 qua·
887 3980 1035 4067 quilibet
1058 3988 1274 4068 praesentem
1295 3981 1508 4047 occasionem

459 4352 506 4403 al.
522 4352 685 4418 explicetur
749 4352 814 4403 iric
876 4352 1082 4404 Sadactivum
1094 4351 1354 4419 Mtadaptivumll
1418 4353 1512 4404 Occu·

364 4433 513 4484 venientia
534 4433 565 4483 Μ
627 4435 657 4483 14
683 4431 804 4500 sanctio]
824 4433 932 4484 asserio
955 4435 989 4482 Α1
1056 4432 1085 4481 17
1110 4449 1186 4501 apoc,
1210 4429 1318 4500 ἀντεροῦ
1334 4431 1372 4484 A:
1388 4427 1455 4500 ἔρως
1481 4437 1512 4484 et

365 4510 474 4579 ἔντερωπ
486 4515 517 4564 Μ
579 4515 611 4564 25
627 4515 663 4566 ad
682 4514 762 4579 (dopo
776 4517 952 4579 congruens)
968 4531 1016 4566 oiri.
1032 4514 1063 4562 M
