3488 5108
290 373 330 426 40
729 380 871 426 ioaonru
891 380 995 427 uavru

290 548 459 626 guantur,
497 545 531 604 et
561 539 637 604 ideo
666 560 756 604 unus
784 538 858 626 ipse
895 546 948 605 est
985 539 1141 606 omnium
1179 540 1434 628 simplicissima

290 666 498 750 substantia,
522 673 558 731 et
587 671 723 754 praeter
752 666 867 752 ipsum
897 665 1014 731 omnia
1043 672 1125 731 sunt
1154 665 1343 754 composita
1369 667 1434 733 etsi

289 790 504 879 incorporea,
526 791 607 879 quia
627 791 665 857 in
683 790 807 857 iisdem
826 813 899 856 esse
918 790 1148 878 distinguitur
1166 791 1210 858 ab
1230 792 1388 859 essentia.

378 917 419 982 V.
444 916 543 983 Siout
571 917 610 983 in
637 940 673 983 se
703 917 778 1004 ipso
807 924 859 982 est
887 915 979 982 idern
1003 916 1171 1003 undique,
1192 917 1243 984 ita
1271 919 1309 985 in
1339 918 1433 1002 aliie,

245 1049 266 1113 5
290 1064 436 1126 quorum
456 1043 590 1108 nullum
611 1052 663 1109 est
684 1050 783 1109 extra
799 1042 927 1130 ipsum,
944 1041 1158 1130 intelligitur
1172 1044 1269 1110 velut
1284 1044 1433 1112 essentia

291 1168 471 1252 essentiae,
491 1169 607 1234 anima
627 1169 778 1253 animae,
798 1177 924 1236 natura
943 1177 1098 1235 naturae.

376 1294 436 1359 VI.
462 1294 525 1360 Est
544 1316 648 1382 supra
667 1294 799 1375 omnia,
819 1293 912 1359 infra
931 1294 1060 1377 omnia,
1081 1294 1118 1360 in
1136 1295 1307 1362 omnibus

376 1419 453 1484 VII.
479 1420 543 1485 Est
563 1419 679 1484 unitas
697 1419 869 1502 absoluta,
887 1419 1096 1504 quaomnia,
1117 1443 1204 1505 quae
1219 1443 1327 1487 unum
1343 1430 1435 1506 sunt,

288 1568 396 1610 unum
416 1551 508 1628 sunt;
530 1545 647 1610 omnia
666 1544 760 1610 enim
779 1544 915 1611 unitate
932 1568 1040 1612 unum
1056 1552 1152 1629 sunt,
1169 1545 1259 1612 siout
1275 1545 1435 1613 bonitate

222 1677 264 1740 10
287 1671 378 1737 bona
398 1678 491 1754 sunt3
514 1678 549 1736 et
569 1671 659 1737 siout
675 1670 768 1757 quod
784 1678 923 1738 nonest
939 1693 1061 1756 unum,
1078 1679 1130 1739 est
1148 1670 1253 1754 nihil,
1271 1673 1322 1738 ita
1343 1672 1435 1759 quod

287 1795 361 1883 ipse
384 1819 455 1862 non
479 1804 545 1880 est,
570 1796 660 1862 nihil
683 1803 746 1863 est.

376 1923 473 1989 VIII.
497 1924 561 1989 Est
579 1923 623 1990 ab
648 1923 742 1989 omni
773 1923 1019 1989 contrarietate
1047 1930 1082 1989 et
1112 1924 1329 2012 oppositione
1356 1925 1432 1991 uni·

286 2049 466 2116 versaliter
486 2050 695 2133 absolutum,
716 2049 797 2134 quia
822 2072 933 2135 neque
959 2050 996 2115 in
1019 2049 1095 2137 ipso
1119 2073 1231 2136 neque
1254 2050 1431 2138 adipsum

286 2176 370 2242 haec
388 2175 558 2241 verificari
577 2181 732 2263 possunt.
749 2175 821 2240 Ens
840 2175 934 2240 enim
953 2175 1046 2260 quod
1064 2182 1116 2241 est
1132 2176 1431 2262 generalissimum

207 2311 264 2375 '15
287 2301 502 2367 substantiae
522 2306 556 2365 et
575 2299 746 2365 accidenti
765 2300 880 2386 ipsum
903 2300 1009 2365 habet
1033 2300 1340 2389 contradictorium
1360 2323 1430 2366 non

287 2450 361 2510 enS,
381 2434 415 2492 et
434 2427 471 2491 in
490 2427 565 2513 ipso
585 2434 666 2492 sunt
691 2426 865 2491 contraria
888 2426 983 2491 entia
1002 2426 1056 2491 vel
1076 2425 1209 2492 entium
1230 2426 1428 2511 qualitates,

288 2551 347 2617 sed
375 2551 588 2639 plenitudini
612 2551 797 2655 ¹absolutae
821 2558 856 2617 et
874 2551 912 2616 in
934 2550 1153 2638 plenitudine
1178 2552 1337 2618 absoluta
1360 2575 1431 2619 non

287 2701 347 2744 ens
371 2677 625 2765 oppositionem
649 2699 720 2742 non
743 2677 857 2743 habet.

375 2803 440 2869 IX.
465 2803 528 2868 Est
551 2808 707 2868 centrum
727 2803 881 2869 omnium
905 2808 1124 2888 naturarum,
1144 2809 1264 2890 utpote
1283 2805 1432 2871 essentia

220 2935 265 2998 ‘20
287 2929 530 3012 essentiarum,
556 2928 731 3014 quidditas
755 2928 1001 3015 quidditaturn.

376 3056 420 3119 X.
446 3055 511 3119 Per
531 3077 579 3137 se,
600 3076 619 3118 a
639 3077 687 3137 se,
708 3077 750 3119 ex
769 3077 819 3138 se,
849 3055 886 3119 in
917 3078 954 3119 se
982 3054 1234 3139 beatissimum,
1261 3055 1317 3121 oui
1340 3056 1431 3122 nihil

287 3189 466 3248 externum
486 3188 520 3244 et
540 3179 636 3245 aliud
655 3179 780 3245 addere
799 3181 986 3266 quiequam
1004 3180 1061 3246 vel
1077 3181 1280 3246 subtrahere
1304 3189 1428 3268 potest.

285 3307 364 3372 Non
392 3315 507 3372 tamen
536 3305 624 3371 illud
657 3306 842 3393 profanum
866 3306 1116 3371 concludimus:
1144 3306 1230 3372 'non
1256 3308 1343 3373 bene
1366 3330 1429 3395 pro

286 3433 418 3498 meritis
447 3432 597 3518 eapitur,
630 3432 720 3520 (nee)
751 3432 907 3517 tangitur
939 3430 1018 3513 ira’,
1053 3432 1238 3518 profanum
1271 3432 1427 3518 inquam,

220 3561 263 3625 25
287 3557 315 3622 si
339 3557 381 3622 de
405 3557 456 3621 ira
480 3566 514 3621 et
538 3556 766 3622 delectatione
786 3578 856 3622 non
880 3557 985 3621 etiarn
1009 3556 1123 3622 activa
1143 3557 1232 3623 sieut
1255 3581 1334 3624 vere
1353 3582 1430 3645 pas-

287 3682 361 3748 siva
380 3681 531 3767 intelligi
552 3680 665 3768 debet.

374 3807 438 3871 XI.
454 3807 517 3871 Est
531 3806 743 3899 principium
762 3806 867 3891 idem,
887 3806 1037 3873 inedium
1056 3816 1090 3873 et
1110 3808 1188 3873 finis
1208 3808 1429 3876 individuali·
1454 3808 1561 3872 116r

287 3939 353 4017 ter,
374 3932 463 3997 siout
483 3930 573 3997 idern
593 3932 683 4016 fons,
703 3930 845 4018 fluvius,
865 3955 1021 3999 oceanus.

379 4208 747 4267 5ossentialossentiearl
817 4209 848 4257 13
865 4210 900 4259 ad
917 4209 1011 4275 ipsum
1029 4208 1065 4258 A:
1086 4211 1121 4259 ab
1138 4212 1200 4274 ipso
1220 4211 1250 4260 Μ
1319 4213 1350 4261 14
1366 4227 1430 4277 pos-

287 4296 368 4351 sunt,
384 4291 473 4347 <siout
486 4290 651 4339 absolutum
663 4290 698 4338 ab
711 4291 787 4338 omni
802 4305 916 4350 genero,
932 4291 973 4339 ita
987 4296 1032 4340 est
1045 4290 1211 4341 absolutum
1225 4293 1260 4341 ab
1276 4293 1353 4342 omni
1364 4309 1431 4343 etn-

285 4372 458 4427 trariotate.)
473 4370 504 4418 Μ
566 4373 595 4420 15
612 4370 770 4418 accidentis
784 4387 796 4417 e
810 4370 838 4418 17
856 4371 905 4420 so'd
919 4371 1109 4437 plenitudinis
1122 4370 1153 4419 Μ
1214 4373 1245 4422 22
1256 4374 1335 4436 forse
1351 4374 1428 4438 quis-

286 4450 505 4518 quunrlcosffl)
555 4451 905 4515 fflesslprophanumrlll
949 4451 1191 4513 Quaeremus!
1238 4454 1269 4502 2-1
1282 4457 1425 4505 nouom
