<?xml version="1.0" encoding="UTF-8"?>
<!DOCTYPE html PUBLIC "-//W3C//DTD XHTML 1.0 Transitional//EN"
    "http://www.w3.org/TR/xhtml1/DTD/xhtml1-transitional.dtd">
<html xmlns="http://www.w3.org/1999/xhtml" xml:lang="en" lang="en">
 <head>
  <title>
</title>
<meta http-equiv="Content-Type" content="text/html;charset=utf-8" />
  <meta name='ocr-system' content='tesseract 3.04.00' />
  <meta name='ocr-capabilities' content='ocr_page ocr_carea ocr_par ocr_line ocrx_word'/>
</head>
<body>
  <div class='ocr_page' id='page_1' title='image "./jordanibruninol05brungoog_0380.png"; bbox 0 0 3488 5108; ppageno 0'>
   <div class='ocr_carea' id='block_1_1' title="bbox 546 400 1507 462">
    <p class='ocr_par' dir='ltr' id='par_1_1' title="bbox 546 400 1507 462">
     <span class='ocr_line' id='line_1_1' title="bbox 546 400 1507 462; baseline -0.005 0"><span class='ocrx_word' id='word_1_1' title='bbox 546 416 637 462; x_wconf 78' lang='lat' dir='ltr'>mear</span> <span class='ocrx_word' id='word_1_2' title='bbox 660 415 871 460; x_wconf 82' lang='lat' dir='ltr'>rurarcouvu</span> <span class='ocrx_word' id='word_1_3' title='bbox 894 414 1106 460; x_wconf 74' lang='lat' dir='ltr'>sarsrcrsare</span> <span class='ocrx_word' id='word_1_4' title='bbox 1127 413 1324 460; x_wconf 75' lang='lat' dir='ltr'>arenariam.</span> <span class='ocrx_word' id='word_1_5' title='bbox 1447 400 1507 458; x_wconf 79' lang='lat'>313</span> 
     </span>
    </p>
   </div>
   <div class='ocr_carea' id='block_1_2' title="bbox 294 570 1675 2414">
    <p class='ocr_par' dir='ltr' id='par_1_2' title="bbox 357 570 1507 1018">
     <span class='ocr_line' id='line_1_2' title="bbox 358 570 1507 659; baseline -0.004 -17"><span class='ocrx_word' id='word_1_6' title='bbox 358 583 394 642; x_wconf 91' lang='lat' dir='ltr'>et</span> <span class='ocrx_word' id='word_1_7' title='bbox 404 578 540 642; x_wconf 89' lang='lat' dir='ltr'>ratione</span> <span class='ocrx_word' id='word_1_8' title='bbox 551 581 690 640; x_wconf 89' lang='lat' dir='ltr'>tantum</span> <span class='ocrx_word' id='word_1_9' title='bbox 706 572 906 639; x_wconf 72' lang='lat' dir='ltr'><strong>absolvente</strong></span> <span class='ocrx_word' id='word_1_10' title='bbox 920 571 1158 658; x_wconf 68' lang='lat' dir='ltr'>perceptibile,</span> <span class='ocrx_word' id='word_1_11' title='bbox 1173 571 1263 637; x_wconf 87' lang='lat' dir='ltr'>sicut</span> <span class='ocrx_word' id='word_1_12' title='bbox 1280 593 1383 659; x_wconf 88' lang='lat' dir='ltr'>supra</span> <span class='ocrx_word' id='word_1_13' title='bbox 1397 570 1507 638; x_wconf 84' lang='lat' dir='ltr'>decla-</span> 
     </span>
     <span class='ocr_line' id='line_1_3' title="bbox 357 697 1506 786; baseline -0.003 -18"><span class='ocrx_word' id='word_1_14' title='bbox 357 701 529 783; x_wconf 86' lang='lat' dir='ltr'>ravimus;</span> <span class='ocrx_word' id='word_1_15' title='bbox 550 709 624 767; x_wconf 89' lang='lat' dir='ltr'>tum</span> <span class='ocrx_word' id='word_1_16' title='bbox 644 700 749 765; x_wconf 86' lang='lat' dir='ltr'>etiam</span> <span class='ocrx_word' id='word_1_17' title='bbox 774 699 854 786; x_wconf 88' lang='lat' dir='ltr'>quia</span> <span class='ocrx_word' id='word_1_18' title='bbox 885 699 1008 764; x_wconf 88' lang='lat' dir='ltr'>stando</span> <span class='ocrx_word' id='word_1_19' title='bbox 1028 699 1064 763; x_wconf 89' lang='lat' dir='ltr'>in</span> <span class='ocrx_word' id='word_1_20' title='bbox 1084 697 1203 763; x_wconf 87' lang='lat' dir='ltr'>ordine</span> <span class='ocrx_word' id='word_1_21' title='bbox 1223 699 1506 765; x_wconf 76' lang='lat' dir='ltr'>substantialium</span> 
     </span>
     <span class='ocr_line' id='line_1_4' title="bbox 357 822 1505 905; baseline -0.001 -15"><span class='ocrx_word' id='word_1_22' title='bbox 357 825 549 892; x_wconf 88' lang='lat' dir='ltr'>formarum</span> <span class='ocrx_word' id='word_1_23' title='bbox 565 825 632 891; x_wconf 92' lang='lat' dir='ltr'>sibi</span> <span class='ocrx_word' id='word_1_24' title='bbox 650 831 771 890; x_wconf 87' lang='lat' dir='ltr'>mutuo</span> <span class='ocrx_word' id='word_1_25' title='bbox 786 823 878 890; x_wconf 88' lang='lat' dir='ltr'>circa</span> <span class='ocrx_word' id='word_1_26' title='bbox 896 822 987 888; x_wconf 90' lang='lat' dir='ltr'>idem</span> <span class='ocrx_word' id='word_1_27' title='bbox 1007 822 1277 905; x_wconf 79' lang='lat' dir='ltr'>succedentium,</span> <span class='ocrx_word' id='word_1_28' title='bbox 1298 823 1387 889; x_wconf 86' lang='lat' dir='ltr'>siout</span> <span class='ocrx_word' id='word_1_29' title='bbox 1405 823 1505 891; x_wconf 91' lang='lat' dir='ltr'>Plato</span> 
     </span>
     <span class='ocr_line' id='line_1_5' title="bbox 360 949 1506 1018; baseline -0.002 0"><span class='ocrx_word' id='word_1_30' title='bbox 360 952 528 1018; x_wconf 85' lang='lat' dir='ltr'>conclusit</span> <span class='ocrx_word' id='word_1_31' title='bbox 553 957 715 1017; x_wconf 90' lang='lat' dir='ltr'>naturam</span> <span class='ocrx_word' id='word_1_32' title='bbox 745 950 812 1015; x_wconf 90' lang='lat' dir='ltr'>loci</span> <span class='ocrx_word' id='word_1_33' title='bbox 841 949 1012 1014; x_wconf 85' lang='lat' dir='ltr'>diversam</span> <span class='ocrx_word' id='word_1_34' title='bbox 1037 972 1057 1015; x_wconf 92' lang='lat' dir='ltr'>a</span> <span class='ocrx_word' id='word_1_35' title='bbox 1086 949 1208 1016; x_wconf 85' lang='lat' dir='ltr'>locatis</span> <span class='ocrx_word' id='word_1_36' title='bbox 1232 972 1273 1015; x_wconf 90' lang='lat' dir='ltr'>ex</span> <span class='ocrx_word' id='word_1_37' title='bbox 1293 951 1506 1016; x_wconf 81' lang='lat' dir='ltr'>srrccessiona</span> 
     </span>
    </p>

    <p class='ocr_par' dir='ltr' id='par_1_3' title="bbox 314 1074 1675 1663">
     <span class='ocr_line' id='line_1_6' title="bbox 314 1074 1506 1164; baseline -0.001 -21"><span class='ocrx_word' id='word_1_38' title='bbox 314 1080 335 1143; x_wconf 77' lang='lat'>5</span> <span class='ocrx_word' id='word_1_39' title='bbox 358 1076 574 1142; x_wconf 80' lang='lat' dir='ltr'>diversorum</span> <span class='ocrx_word' id='word_1_40' title='bbox 593 1098 775 1164; x_wconf 90' lang='lat' dir='ltr'>corporum</span> <span class='ocrx_word' id='word_1_41' title='bbox 799 1076 836 1140; x_wconf 90' lang='lat' dir='ltr'>in</span> <span class='ocrx_word' id='word_1_42' title='bbox 855 1075 974 1140; x_wconf 88' lang='lat' dir='ltr'>ecdem</span> <span class='ocrx_word' id='word_1_43' title='bbox 994 1074 1194 1161; x_wconf 87' lang='lat' dir='ltr'>spati0,·ita</span> <span class='ocrx_word' id='word_1_44' title='bbox 1219 1083 1254 1139; x_wconf 92' lang='lat' dir='ltr'>et</span> <span class='ocrx_word' id='word_1_45' title='bbox 1281 1097 1344 1141; x_wconf 87' lang='lat' dir='ltr'>nos</span> <span class='ocrx_word' id='word_1_46' title='bbox 1372 1075 1506 1142; x_wconf 90' lang='lat' dir='ltr'>conclu·</span> 
     </span>
     <span class='ocr_line' id='line_1_7' title="bbox 359 1199 1505 1267; baseline 0 -1"><span class='ocrx_word' id='word_1_47' title='bbox 359 1200 473 1267; x_wconf 88' lang='lat' dir='ltr'>dimus</span> <span class='ocrx_word' id='word_1_48' title='bbox 492 1208 654 1266; x_wconf 87' lang='lat' dir='ltr'>naturam</span> <span class='ocrx_word' id='word_1_49' title='bbox 674 1201 839 1266; x_wconf 89' lang='lat' dir='ltr'>materiae</span> <span class='ocrx_word' id='word_1_50' title='bbox 858 1199 985 1265; x_wconf 88' lang='lat' dir='ltr'>realem</span> <span class='ocrx_word' id='word_1_51' title='bbox 1002 1222 1043 1265; x_wconf 88' lang='lat' dir='ltr'>ex</span> <span class='ocrx_word' id='word_1_52' title='bbox 1059 1199 1272 1265; x_wconf 79' lang='lat' dir='ltr'>successione</span> <span class='ocrx_word' id='word_1_53' title='bbox 1289 1199 1505 1266; x_wconf 82' lang='lat' dir='ltr'>diversarum</span> 
     </span>
     <span class='ocr_line' id='line_1_8' title="bbox 359 1324 1506 1413; baseline 0 -22"><span class='ocrx_word' id='word_1_54' title='bbox 359 1326 550 1413; x_wconf 84' lang='lat' dir='ltr'>specierum</span> <span class='ocrx_word' id='word_1_55' title='bbox 576 1325 666 1390; x_wconf 91' lang='lat' dir='ltr'>circa</span> <span class='ocrx_word' id='word_1_56' title='bbox 690 1324 781 1391; x_wconf 89' lang='lat' dir='ltr'>idem</span> <span class='ocrx_word' id='word_1_57' title='bbox 806 1324 999 1391; x_wconf 87' lang='lat' dir='ltr'>subiectum</span> <span class='ocrx_word' id='word_1_58' title='bbox 1018 1347 1135 1390; x_wconf 89' lang='lat' dir='ltr'>earum</span> <span class='ocrx_word' id='word_1_59' title='bbox 1160 1324 1256 1389; x_wconf 87' lang='lat' dir='ltr'>iuxta</span> <span class='ocrx_word' id='word_1_60' title='bbox 1286 1330 1397 1390; x_wconf 91' lang='lat' dir='ltr'>totam</span> <span class='ocrx_word' id='word_1_61' title='bbox 1428 1324 1506 1391; x_wconf 87' lang='lat' dir='ltr'>sub-</span> 
     </span>
     <span class='ocr_line' id='line_1_9' title="bbox 358 1450 1675 1537; baseline 0.002 -20"><span class='ocrx_word' id='word_1_62' title='bbox 358 1451 534 1517; x_wconf 86' lang='lat' dir='ltr'>stantiam.</span> <span class='ocrx_word' id='word_1_63' title='bbox 555 1451 633 1516; x_wconf 88' lang='lat' dir='ltr'>Non</span> <span class='ocrx_word' id='word_1_64' title='bbox 655 1451 748 1516; x_wconf 88' lang='lat' dir='ltr'>enim</span> <span class='ocrx_word' id='word_1_65' title='bbox 767 1451 896 1537; x_wconf 90' lang='lat' dir='ltr'>species</span> <span class='ocrx_word' id='word_1_66' title='bbox 924 1450 1173 1537; x_wconf 70' lang='lat' dir='ltr'>intelligilmus</span> <span class='ocrx_word' id='word_1_67' title='bbox 1204 1450 1413 1532; x_wconf 87' lang='lat' dir='ltr'>accidentia,</span> <span class='ocrx_word' id='word_1_68' title='bbox 1445 1450 1504 1517; x_wconf 79' lang='lat' dir='ltr'>eorl</span> <span class='ocrx_word' id='word_1_69' title='bbox 1529 1455 1675 1520; x_wconf 68' lang='lat'>36²3</span> 
     </span>
     <span class='ocr_line' id='line_1_10' title="bbox 359 1575 1506 1663; baseline 0.001 -21"><span class='ocrx_word' id='word_1_70' title='bbox 359 1584 501 1644; x_wconf 85' lang='lat' dir='ltr'>naturas</span> <span class='ocrx_word' id='word_1_71' title='bbox 531 1575 696 1658; x_wconf 88' lang='lat' dir='ltr'>diversas,</span> <span class='ocrx_word' id='word_1_72' title='bbox 726 1577 864 1663; x_wconf 88' lang='lat' dir='ltr'>quando</span> <span class='ocrx_word' id='word_1_73' title='bbox 896 1598 937 1641; x_wconf 85' lang='lat' dir='ltr'>ex</span> <span class='ocrx_word' id='word_1_74' title='bbox 968 1577 1045 1642; x_wconf 87' lang='lat' dir='ltr'>cibo</span> <span class='ocrx_word' id='word_1_75' title='bbox 1075 1578 1115 1642; x_wconf 84' lang='lat' dir='ltr'>fit</span> <span class='ocrx_word' id='word_1_76' title='bbox 1145 1577 1281 1663; x_wconf 89' lang='lat' dir='ltr'>chylus,</span> <span class='ocrx_word' id='word_1_77' title='bbox 1313 1576 1404 1662; x_wconf 68' lang='lat' dir='ltr'>‹puod</span> <span class='ocrx_word' id='word_1_78' title='bbox 1432 1585 1506 1643; x_wconf 85' lang='lat' dir='ltr'>erat</span> 
     </span>
    </p>

    <p class='ocr_par' dir='ltr' id='par_1_4' title="bbox 294 1699 1668 2289">
     <span class='ocr_line' id='line_1_11' title="bbox 294 1699 1506 1787; baseline 0.002 -21"><span class='ocrx_word' id='word_1_79' title='bbox 294 1703 338 1766; x_wconf 89' lang='lat'>10</span> <span class='ocrx_word' id='word_1_80' title='bbox 360 1700 480 1787; x_wconf 89' lang='lat' dir='ltr'>chylus</span> <span class='ocrx_word' id='word_1_81' title='bbox 509 1701 549 1767; x_wconf 80' lang='lat' dir='ltr'>fir</span> <span class='ocrx_word' id='word_1_82' title='bbox 578 1701 736 1787; x_wconf 89' lang='lat' dir='ltr'>sanguis,</span> <span class='ocrx_word' id='word_1_83' title='bbox 769 1699 861 1786; x_wconf 89' lang='lat' dir='ltr'>quod</span> <span class='ocrx_word' id='word_1_84' title='bbox 891 1709 966 1766; x_wconf 90' lang='lat' dir='ltr'>crat</span> <span class='ocrx_word' id='word_1_85' title='bbox 995 1701 1136 1787; x_wconf 85' lang='lat' dir='ltr'>sanguis</span> <span class='ocrx_word' id='word_1_86' title='bbox 1167 1700 1206 1766; x_wconf 88' lang='lat' dir='ltr'>fit</span> <span class='ocrx_word' id='word_1_87' title='bbox 1236 1701 1392 1787; x_wconf 85' lang='lat' dir='ltr'>embry0,</span> <span class='ocrx_word' id='word_1_88' title='bbox 1414 1701 1506 1787; x_wconf 88' lang='lat' dir='ltr'>quod</span> 
     </span>
     <span class='ocr_line' id='line_1_12' title="bbox 360 1824 1502 1912; baseline 0.001 -21"><span class='ocrx_word' id='word_1_89' title='bbox 360 1825 503 1912; x_wconf 89' lang='lat' dir='ltr'>embryo</span> <span class='ocrx_word' id='word_1_90' title='bbox 522 1826 663 1907; x_wconf 74' lang='lat' dir='ltr'>animab</span> <span class='ocrx_word' id='word_1_91' title='bbox 687 1826 746 1892; x_wconf 89' lang='lat' dir='ltr'>ubi</span> <span class='ocrx_word' id='word_1_92' title='bbox 766 1824 852 1892; x_wconf 85' lang='lat' dir='ltr'>illud</span> <span class='ocrx_word' id='word_1_93' title='bbox 871 1827 963 1912; x_wconf 86' lang='lat' dir='ltr'>quod</span> <span class='ocrx_word' id='word_1_94' title='bbox 982 1836 1034 1892; x_wconf 87' lang='lat' dir='ltr'>est</span> <span class='ocrx_word' id='word_1_95' title='bbox 1052 1849 1174 1908; x_wconf 88' lang='lat' dir='ltr'>unum,</span> <span class='ocrx_word' id='word_1_96' title='bbox 1196 1834 1328 1893; x_wconf 88' lang='lat' dir='ltr'>certum</span> <span class='ocrx_word' id='word_1_97' title='bbox 1347 1834 1382 1892; x_wconf 85' lang='lat' dir='ltr'>et</span> <span class='ocrx_word' id='word_1_98' title='bbox 1402 1826 1502 1911; x_wconf 86' lang='lat' dir='ltr'>idem,</span> 
     </span>
     <span class='ocr_line' id='line_1_13' title="bbox 360 1951 1504 2039; baseline 0.001 -23"><span class='ocrx_word' id='word_1_99' title='bbox 360 1974 484 2038; x_wconf 88' lang='lat' dir='ltr'>nempe</span> <span class='ocrx_word' id='word_1_100' title='bbox 503 1951 768 2018; x_wconf 83' lang='lat' dir='ltr'>fundamentum</span> <span class='ocrx_word' id='word_1_101' title='bbox 788 1952 938 2039; x_wconf 89' lang='lat' dir='ltr'>primum</span> <span class='ocrx_word' id='word_1_102' title='bbox 959 1951 1201 2034; x_wconf 83' lang='lat' dir='ltr'>substantiale,</span> <span class='ocrx_word' id='word_1_103' title='bbox 1225 1974 1243 2016; x_wconf 93' lang='lat' dir='ltr'>e</span> <span class='ocrx_word' id='word_1_104' title='bbox 1267 1951 1364 2018; x_wconf 88' lang='lat' dir='ltr'>cuius</span> <span class='ocrx_word' id='word_1_105' title='bbox 1383 1961 1504 2038; x_wconf 89' lang='lat' dir='ltr'>poten·</span> 
     </span>
     <span class='ocr_line' id='line_1_14' title="bbox 360 2075 1668 2162; baseline 0.004 -22"><span class='ocrx_word' id='word_1_106' title='bbox 360 2075 422 2159; x_wconf 91' lang='lat' dir='ltr'>tia,</span> <span class='ocrx_word' id='word_1_107' title='bbox 445 2079 450 2162; x_wconf 91' lang='grc' dir='ltr'>Ι</span> <span class='ocrx_word' id='word_1_108' title='bbox 471 2083 637 2161; x_wconf 87' lang='lat' dir='ltr'>tanquam</span> <span class='ocrx_word' id='word_1_109' title='bbox 656 2099 675 2140; x_wconf 91' lang='lat' dir='ltr'>e</span> <span class='ocrx_word' id='word_1_110' title='bbox 694 2077 771 2141; x_wconf 88' lang='lat' dir='ltr'>sinu</span> <span class='ocrx_word' id='word_1_111' title='bbox 792 2076 941 2161; x_wconf 84' lang='lat' dir='ltr'>quodam</span> <span class='ocrx_word' id='word_1_112' title='bbox 965 2084 1133 2159; x_wconf 89' lang='lat' dir='ltr'>materno,</span> <span class='ocrx_word' id='word_1_113' title='bbox 1164 2075 1293 2142; x_wconf 87' lang='lat' dir='ltr'>virtute</span> <span class='ocrx_word' id='word_1_114' title='bbox 1324 2075 1504 2142; x_wconf 86' lang='lat' dir='ltr'>efficientis</span> <span class='ocrx_word' id='word_1_115' title='bbox 1530 2079 1668 2144; x_wconf 69' lang='lat'>23⁹0</span> 
     </span>
     <span class='ocr_line' id='line_1_15' title="bbox 360 2202 1504 2289; baseline 0.001 -23"><span class='ocrx_word' id='word_1_116' title='bbox 360 2202 555 2268; x_wconf 85' lang='lat' dir='ltr'>educuntur</span> <span class='ocrx_word' id='word_1_117' title='bbox 581 2202 712 2268; x_wconf 89' lang='lat' dir='ltr'>formae</span> <span class='ocrx_word' id='word_1_118' title='bbox 741 2225 855 2267; x_wconf 86' lang='lat' dir='ltr'>rerum</span> <span class='ocrx_word' id='word_1_119' title='bbox 880 2202 1138 2285; x_wconf 79' lang='lat' dir='ltr'>substantiales,</span> <span class='ocrx_word' id='word_1_120' title='bbox 1167 2232 1185 2267; x_wconf 72' lang='lat' dir='ltr'>a</span> <span class='ocrx_word' id='word_1_121' title='bbox 1212 2231 1230 2268; x_wconf 73' lang='lat' dir='ltr'>s</span> <span class='ocrx_word' id='word_1_122' title='bbox 1257 2232 1274 2269; x_wconf 73' lang='lat' dir='ltr'>s</span> <span class='ocrx_word' id='word_1_123' title='bbox 1297 2203 1421 2289; x_wconf 88' lang='lat' dir='ltr'>Itaque</span> <span class='ocrx_word' id='word_1_124' title='bbox 1440 2202 1504 2268; x_wconf 91' lang='lat' dir='ltr'>hoc</span> 
     </span>
    </p>

    <p class='ocr_par' dir='ltr' id='par_1_5' title="bbox 297 2327 1353 2414">
     <span class='ocr_line' id='line_1_16' title="bbox 297 2327 1353 2414; baseline 0.001 -23"><span class='ocrx_word' id='word_1_125' title='bbox 297 2335 338 2398; x_wconf 75' lang='lat'>15</span> <span class='ocrx_word' id='word_1_126' title='bbox 364 2334 417 2392; x_wconf 88' lang='lat' dir='ltr'>est</span> <span class='ocrx_word' id='word_1_127' title='bbox 435 2327 639 2414; x_wconf 87' lang='lat' dir='ltr'>praesertim</span> <span class='ocrx_word' id='word_1_128' title='bbox 659 2349 720 2414; x_wconf 87' lang='lat' dir='ltr'>per</span> <span class='ocrx_word' id='word_1_129' title='bbox 739 2327 936 2413; x_wconf 82' lang='lat' dir='ltr'>analogiam</span> <span class='ocrx_word' id='word_1_130' title='bbox 953 2327 996 2393; x_wconf 86' lang='lat' dir='ltr'>ad</span> <span class='ocrx_word' id='word_1_131' title='bbox 1015 2327 1162 2394; x_wconf 87' lang='lat' dir='ltr'>formam</span> <span class='ocrx_word' id='word_1_132' title='bbox 1181 2328 1353 2414; x_wconf 82' lang='lat' dir='ltr'>cognosci.</span> 
     </span>
    </p>
   </div>
   <div class='ocr_carea' id='block_1_3' title="bbox 842 2570 1029 2610">
    <p class='ocr_par' dir='ltr' id='par_1_6' title="bbox 842 2570 1029 2610">
     <span class='ocr_line' id='line_1_17' title="bbox 842 2570 1029 2610; baseline 0.005 -2"><span class='ocrx_word' id='word_1_133' title='bbox 842 2571 874 2610; x_wconf 81' lang='lat' dir='ltr'>De</span> <span class='ocrx_word' id='word_1_134' title='bbox 890 2570 1029 2610; x_wconf 76' lang='lat' dir='ltr'>l’rlvatlonc.</span> 
     </span>
    </p>
   </div>
   <div class='ocr_carea' id='block_1_4' title="bbox 295 2719 1507 3561">
    <p class='ocr_par' dir='ltr' id='par_1_7' title="bbox 361 2719 1505 3061">
     <span class='ocr_line' id='line_1_18' title="bbox 450 2719 1505 2809; baseline -0.005 -19"><span class='ocrx_word' id='word_1_135' title='bbox 450 2724 662 2790; x_wconf 84' lang='lat' dir='ltr'>Privationis</span> <span class='ocrx_word' id='word_1_136' title='bbox 682 2745 762 2788; x_wconf 91' lang='lat' dir='ltr'>vero</span> <span class='ocrx_word' id='word_1_137' title='bbox 782 2722 938 2788; x_wconf 79' lang='lat' dir='ltr'>definitio</span> <span class='ocrx_word' id='word_1_138' title='bbox 967 2745 1028 2809; x_wconf 86' lang='lat' dir='ltr'>per</span> <span class='ocrx_word' id='word_1_139' title='bbox 1056 2720 1213 2808; x_wconf 86' lang='lat' dir='ltr'>superius</span> <span class='ocrx_word' id='word_1_140' title='bbox 1244 2719 1349 2787; x_wconf 88' lang='lat' dir='ltr'>allata</span> <span class='ocrx_word' id='word_1_141' title='bbox 1380 2729 1414 2786; x_wconf 92' lang='lat' dir='ltr'>et</span> <span class='ocrx_word' id='word_1_142' title='bbox 1444 2742 1505 2808; x_wconf 90' lang='lat' dir='ltr'>per</span> 
     </span>
     <span class='ocr_line' id='line_1_19' title="bbox 361 2846 1505 2935; baseline -0.003 -20"><span class='ocrx_word' id='word_1_143' title='bbox 361 2850 530 2916; x_wconf 88' lang='lat' dir='ltr'>rationem</span> <span class='ocrx_word' id='word_1_144' title='bbox 551 2849 691 2931; x_wconf 85' lang='lat' dir='ltr'>formae,</span> <span class='ocrx_word' id='word_1_145' title='bbox 708 2849 763 2914; x_wconf 90' lang='lat' dir='ltr'>cui</span> <span class='ocrx_word' id='word_1_146' title='bbox 783 2849 979 2935; x_wconf 85' lang='lat' dir='ltr'>opponitur,</span> <span class='ocrx_word' id='word_1_147' title='bbox 996 2855 1031 2911; x_wconf 89' lang='lat' dir='ltr'>et</span> <span class='ocrx_word' id='word_1_148' title='bbox 1050 2846 1218 2911; x_wconf 89' lang='lat' dir='ltr'>rationem</span> <span class='ocrx_word' id='word_1_149' title='bbox 1236 2846 1410 2929; x_wconf 88' lang='lat' dir='ltr'>materiae,</span> <span class='ocrx_word' id='word_1_150' title='bbox 1429 2868 1505 2911; x_wconf 86' lang='lat' dir='ltr'>cunr</span> 
     </span>
     <span class='ocr_line' id='line_1_20' title="bbox 362 2971 1505 3061; baseline -0.006 -20"><span class='ocrx_word' id='word_1_151' title='bbox 362 2998 430 3061; x_wconf 86' lang='lat' dir='ltr'>qua</span> <span class='ocrx_word' id='word_1_152' title='bbox 447 2973 698 3059; x_wconf 81' lang='lat' dir='ltr'>quodammodo</span> <span class='ocrx_word' id='word_1_153' title='bbox 716 2973 947 3060; x_wconf 83' lang='lat' dir='ltr'>componitur,</span> <span class='ocrx_word' id='word_1_154' title='bbox 965 2972 1136 3037; x_wconf 81' lang='lat' dir='ltr'>elucescit,</span> <span class='ocrx_word' id='word_1_155' title='bbox 1151 2972 1212 3037; x_wconf 83' lang='lat' dir='ltr'>Est</span> <span class='ocrx_word' id='word_1_156' title='bbox 1229 2971 1339 3058; x_wconf 83' lang='lat' dir='ltr'>igitur</span> <span class='ocrx_word' id='word_1_157' title='bbox 1354 2972 1505 3059; x_wconf 86' lang='lat' dir='ltr'>privatio</span> 
     </span>
    </p>

    <p class='ocr_par' dir='ltr' id='par_1_8' title="bbox 295 3098 1507 3561">
     <span class='ocr_line' id='line_1_21' title="bbox 295 3098 1504 3187; baseline -0.002 -25"><span class='ocrx_word' id='word_1_158' title='bbox 295 3100 339 3163; x_wconf 78' lang='lat'>‘20</span> <span class='ocrx_word' id='word_1_159' title='bbox 362 3100 470 3166; x_wconf 86' lang='lat' dir='ltr'>altera</span> <span class='ocrx_word' id='word_1_160' title='bbox 488 3123 569 3187; x_wconf 89' lang='lat' dir='ltr'>pars</span> <span class='ocrx_word' id='word_1_161' title='bbox 589 3099 857 3181; x_wconf 76' lang='lat' dir='ltr'>contrarietatis,</span> <span class='ocrx_word' id='word_1_162' title='bbox 874 3108 994 3185; x_wconf 84' lang='lat' dir='ltr'>utpote</span> <span class='ocrx_word' id='word_1_163' title='bbox 1012 3098 1141 3162; x_wconf 88' lang='lat' dir='ltr'>formae</span> <span class='ocrx_word' id='word_1_164' title='bbox 1157 3099 1368 3163; x_wconf 88' lang='lat' dir='ltr'>contrarium</span> <span class='ocrx_word' id='word_1_165' title='bbox 1385 3106 1504 3162; x_wconf 87' lang='lat' dir='ltr'>uatum</span> 
     </span>
     <span class='ocr_line' id='line_1_22' title="bbox 361 3223 1506 3313; baseline -0.003 -23"><span class='ocrx_word' id='word_1_166' title='bbox 361 3225 405 3291; x_wconf 89' lang='lat' dir='ltr'>ad</span> <span class='ocrx_word' id='word_1_167' title='bbox 425 3226 679 3313; x_wconf 86' lang='lat' dir='ltr'>corruptionem</span> <span class='ocrx_word' id='word_1_168' title='bbox 699 3248 760 3311; x_wconf 86' lang='lat' dir='ltr'>per</span> <span class='ocrx_word' id='word_1_169' title='bbox 779 3248 814 3289; x_wconf 89' lang='lat' dir='ltr'>se</span> <span class='ocrx_word' id='word_1_170' title='bbox 833 3223 1040 3306; x_wconf 79' lang='lat' dir='ltr'>taciendam,</span> <span class='ocrx_word' id='word_1_171' title='bbox 1060 3224 1150 3288; x_wconf 87' lang='lat' dir='ltr'>sicut</span> <span class='ocrx_word' id='word_1_172' title='bbox 1170 3224 1281 3288; x_wconf 84' lang='lat' dir='ltr'>forma</span> <span class='ocrx_word' id='word_1_173' title='bbox 1305 3224 1348 3288; x_wconf 83' lang='lat' dir='ltr'>ad</span> <span class='ocrx_word' id='word_1_174' title='bbox 1367 3246 1506 3308; x_wconf 76' lang='lat' dir='ltr'>garrera·</span> 
     </span>
     <span class='ocr_line' id='line_1_23' title="bbox 362 3348 1507 3437; baseline -0.003 -22"><span class='ocrx_word' id='word_1_175' title='bbox 362 3351 501 3431; x_wconf 90' lang='lat' dir='ltr'>tionem,</span> <span class='ocrx_word' id='word_1_176' title='bbox 522 3351 713 3416; x_wconf 84' lang='lat' dir='ltr'>consistens</span> <span class='ocrx_word' id='word_1_177' title='bbox 733 3351 767 3415; x_wconf 90' lang='lat' dir='ltr'>in</span> <span class='ocrx_word' id='word_1_178' title='bbox 791 3349 946 3437; x_wconf 84' lang='lat' dir='ltr'>potentia</span> <span class='ocrx_word' id='word_1_179' title='bbox 966 3349 1139 3413; x_wconf 86' lang='lat' dir='ltr'>materiae.</span> <span class='ocrx_word' id='word_1_180' title='bbox 1158 3348 1251 3413; x_wconf 85' lang='lat' dir='ltr'>llaec</span> <span class='ocrx_word' id='word_1_181' title='bbox 1266 3348 1371 3428; x_wconf 76' lang='lat' dir='ltr'>enim,</span> <span class='ocrx_word' id='word_1_182' title='bbox 1391 3355 1507 3433; x_wconf 62' lang='lat' dir='ltr'>(puato</span> 
     </span>
     <span class='ocr_line' id='line_1_24' title="bbox 362 3472 1503 3561; baseline -0.006 -21"><span class='ocrx_word' id='word_1_183' title='bbox 362 3498 425 3540; x_wconf 87' lang='lat' dir='ltr'>nus</span> <span class='ocrx_word' id='word_1_184' title='bbox 444 3475 548 3540; x_wconf 91' lang='lat' dir='ltr'>habet</span> <span class='ocrx_word' id='word_1_185' title='bbox 569 3475 735 3561; x_wconf 86' lang='lat' dir='ltr'>impetum</span> <span class='ocrx_word' id='word_1_186' title='bbox 756 3474 800 3539; x_wconf 69' lang='lat' dir='ltr'>ael</span> <span class='ocrx_word' id='word_1_187' title='bbox 819 3474 923 3538; x_wconf 89' lang='lat' dir='ltr'>aliam</span> <span class='ocrx_word' id='word_1_188' title='bbox 942 3495 1075 3559; x_wconf 88' lang='lat' dir='ltr'>semper</span> <span class='ocrx_word' id='word_1_189' title='bbox 1101 3480 1205 3558; x_wconf 81' lang='lat' dir='ltr'>atque</span> <span class='ocrx_word' id='word_1_190' title='bbox 1233 3472 1337 3537; x_wconf 86' lang='lat' dir='ltr'>aliam</span> <span class='ocrx_word' id='word_1_191' title='bbox 1356 3472 1503 3537; x_wconf 82' lang='lat' dir='ltr'>formam</span> 
     </span>
    </p>
   </div>
   <div class='ocr_carea' id='block_1_5' title="bbox 362 3595 1506 3687">
    <p class='ocr_par' dir='ltr' id='par_1_9' title="bbox 362 3595 1506 3687">
     <span class='ocr_line' id='line_1_25' title="bbox 362 3595 1506 3687; baseline -0.005 -22"><span class='ocrx_word' id='word_1_192' title='bbox 362 3600 627 3687; x_wconf 83' lang='lat' dir='ltr'>suscipiendam,</span> <span class='ocrx_word' id='word_1_193' title='bbox 648 3612 682 3664; x_wconf 86' lang='lat' dir='ltr'>et</span> <span class='ocrx_word' id='word_1_194' title='bbox 704 3599 898 3686; x_wconf 88' lang='lat' dir='ltr'>appetitum</span> <span class='ocrx_word' id='word_1_195' title='bbox 918 3598 961 3663; x_wconf 89' lang='lat' dir='ltr'>ad</span> <span class='ocrx_word' id='word_1_196' title='bbox 985 3597 1144 3677; x_wconf 72' lang='lat' dir='ltr'>calidam,</span> <span class='ocrx_word' id='word_1_197' title='bbox 1167 3595 1375 3677; x_wconf 76' lang='lat' dir='ltr'>intelligitur</span> <span class='ocrx_word' id='word_1_198' title='bbox 1407 3596 1442 3659; x_wconf 89' lang='lat' dir='ltr'>in</span> <span class='ocrx_word' id='word_1_199' title='bbox 1471 3620 1506 3659; x_wconf 85' lang='lat' dir='ltr'>se</span> 
     </span>
    </p>
   </div>
   <div class='ocr_carea' id='block_1_6' title="bbox 297 3723 1506 4058">
    <p class='ocr_par' dir='ltr' id='par_1_10' title="bbox 297 3723 1506 4058">
     <span class='ocr_line' id='line_1_26' title="bbox 297 3723 1505 3814; baseline -0.007 -21"><span class='ocrx_word' id='word_1_200' title='bbox 297 3730 340 3793; x_wconf 76' lang='lat'>25</span> <span class='ocrx_word' id='word_1_201' title='bbox 363 3727 545 3814; x_wconf 86' lang='lat' dir='ltr'>complecti</span> <span class='ocrx_word' id='word_1_202' title='bbox 572 3725 805 3813; x_wconf 80' lang='lat' dir='ltr'>privationem</span> <span class='ocrx_word' id='word_1_203' title='bbox 825 3725 897 3789; x_wconf 86' lang='lat' dir='ltr'>eius</span> <span class='ocrx_word' id='word_1_204' title='bbox 918 3724 1007 3810; x_wconf 84' lang='lat' dir='ltr'>quod</span> <span class='ocrx_word' id='word_1_205' title='bbox 1029 3723 1178 3810; x_wconf 83' lang='lat' dir='ltr'>appetit,</span> <span class='ocrx_word' id='word_1_206' title='bbox 1205 3744 1305 3808; x_wconf 65' lang='lat' dir='ltr'>(puae,</span> <span class='ocrx_word' id='word_1_207' title='bbox 1336 3730 1375 3787; x_wconf 89' lang='lat' dir='ltr'>ut</span> <span class='ocrx_word' id='word_1_208' title='bbox 1402 3742 1505 3808; x_wconf 80' lang='lat' dir='ltr'>sripra</span> 
     </span>
     <span class='ocr_line' id='line_1_27' title="bbox 363 3844 1505 3932; baseline -0.006 -16"><span class='ocrx_word' id='word_1_209' title='bbox 363 3850 577 3932; x_wconf 84' lang='lat' dir='ltr'>dictumest,</span> <span class='ocrx_word' id='word_1_210' title='bbox 599 3851 768 3915; x_wconf 87' lang='lat' dir='ltr'>rationem</span> <span class='ocrx_word' id='word_1_211' title='bbox 788 3850 953 3914; x_wconf 87' lang='lat' dir='ltr'>contrarii</span> <span class='ocrx_word' id='word_1_212' title='bbox 973 3850 1077 3913; x_wconf 87' lang='lat' dir='ltr'>habet</span> <span class='ocrx_word' id='word_1_213' title='bbox 1097 3848 1169 3912; x_wconf 85' lang='lat' dir='ltr'>eius</span> <span class='ocrx_word' id='word_1_214' title='bbox 1191 3846 1281 3932; x_wconf 82' lang='lat' dir='ltr'>quod</span> <span class='ocrx_word' id='word_1_215' title='bbox 1298 3844 1450 3911; x_wconf 79' lang='lat' dir='ltr'>succedit</span> <span class='ocrx_word' id='word_1_216' title='bbox 1469 3847 1505 3910; x_wconf 91' lang='lat' dir='ltr'>in</span> 
     </span>
     <span class='ocr_line' id='line_1_28' title="bbox 362 3971 1506 4058; baseline -0.006 -15"><span class='ocrx_word' id='word_1_217' title='bbox 362 3980 480 4045; x_wconf 86' lang='lat' dir='ltr'>eodem</span> <span class='ocrx_word' id='word_1_218' title='bbox 500 3978 668 4056; x_wconf 85' lang='lat' dir='ltr'>subiecto,</span> <span class='ocrx_word' id='word_1_219' title='bbox 689 3978 777 4042; x_wconf 88' lang='lat' dir='ltr'>sicut</span> <span class='ocrx_word' id='word_1_220' title='bbox 802 3977 843 4042; x_wconf 66' lang='lat' dir='ltr'>&lt;le</span> <span class='ocrx_word' id='word_1_221' title='bbox 868 3977 1001 4041; x_wconf 87' lang='lat' dir='ltr'>ratione</span> <span class='ocrx_word' id='word_1_222' title='bbox 1025 3976 1098 4042; x_wconf 83' lang='lat' dir='ltr'>eius</span> <span class='ocrx_word' id='word_1_223' title='bbox 1119 3973 1209 4058; x_wconf 80' lang='lat' dir='ltr'>quod</span> <span class='ocrx_word' id='word_1_224' title='bbox 1230 3974 1269 4036; x_wconf 86' lang='lat' dir='ltr'>fit</span> <span class='ocrx_word' id='word_1_225' title='bbox 1293 3984 1357 4054; x_wconf 82' lang='lat' dir='ltr'>est,</span> <span class='ocrx_word' id='word_1_226' title='bbox 1384 3982 1422 4037; x_wconf 88' lang='lat' dir='ltr'>ut</span> <span class='ocrx_word' id='word_1_227' title='bbox 1445 3971 1506 4037; x_wconf 85' lang='lat' dir='ltr'>fiat</span> 
     </span>
    </p>
   </div>
   <div class='ocr_carea' id='block_1_7' title="bbox 364 4098 1509 4188">
    <p class='ocr_par' dir='ltr' id='par_1_11' title="bbox 364 4098 1509 4188">
     <span class='ocr_line' id='line_1_29' title="bbox 364 4098 1509 4188; baseline -0.006 -20"><span class='ocrx_word' id='word_1_228' title='bbox 364 4126 406 4168; x_wconf 83' lang='lat' dir='ltr'>ex</span> <span class='ocrx_word' id='word_1_229' title='bbox 425 4126 494 4170; x_wconf 90' lang='lat' dir='ltr'>non</span> <span class='ocrx_word' id='word_1_230' title='bbox 514 4112 608 4183; x_wconf 90' lang='lat' dir='ltr'>ente,</span> <span class='ocrx_word' id='word_1_231' title='bbox 630 4114 664 4166; x_wconf 89' lang='lat' dir='ltr'>et</span> <span class='ocrx_word' id='word_1_232' title='bbox 684 4101 747 4166; x_wconf 91' lang='lat' dir='ltr'>hoc</span> <span class='ocrx_word' id='word_1_233' title='bbox 766 4101 908 4167; x_wconf 86' lang='lat' dir='ltr'>definito</span> <span class='ocrx_word' id='word_1_234' title='bbox 932 4101 1107 4188; x_wconf 84' lang='lat' dir='ltr'>adipsum</span> <span class='ocrx_word' id='word_1_235' title='bbox 1132 4123 1192 4163; x_wconf 85' lang='lat' dir='ltr'>ens</span> <span class='ocrx_word' id='word_1_236' title='bbox 1222 4099 1285 4163; x_wconf 81' lang='lat' dir='ltr'>sub</span> <span class='ocrx_word' id='word_1_237' title='bbox 1309 4098 1444 4162; x_wconf 85' lang='lat' dir='ltr'>ratione</span> <span class='ocrx_word' id='word_1_238' title='bbox 1474 4107 1509 4161; x_wconf 87' lang='lat' dir='ltr'>et</span> 
     </span>
    </p>
   </div>
   <div class='ocr_carea' id='block_1_8' title="bbox 363 4312 1506 4619">
    <p class='ocr_par' dir='ltr' id='par_1_12' title="bbox 363 4312 1506 4529">
     <span class='ocr_line' id='line_1_30' title="bbox 456 4312 1506 4382; baseline -0.004 -16"><span class='ocrx_word' id='word_1_239' title='bbox 456 4319 472 4366; x_wconf 75' lang='lat'>2</span> <span class='ocrx_word' id='word_1_240' title='bbox 496 4326 556 4367; x_wconf 77' lang='lat' dir='ltr'>turn</span> <span class='ocrx_word' id='word_1_241' title='bbox 579 4318 647 4382; x_wconf 80' lang='lat' dir='ltr'>quia</span> <span class='ocrx_word' id='word_1_242' title='bbox 672 4318 758 4365; x_wconf 83' lang='lat' dir='ltr'>etiam</span> <span class='ocrx_word' id='word_1_243' title='bbox 786 4317 808 4366; x_wconf 78' lang='lat' dir='ltr'><em>U</em></span> <span class='ocrx_word' id='word_1_244' title='bbox 884 4318 899 4363; x_wconf 80' lang='lat'>5</span> <span class='ocrx_word' id='word_1_245' title='bbox 925 4318 1021 4380; x_wconf 80' lang='lat' dir='ltr'>spacio</span> <span class='ocrx_word' id='word_1_246' title='bbox 1045 4315 1071 4364; x_wconf 77' lang='lat' dir='ltr'><em>E</em></span> <span class='ocrx_word' id='word_1_247' title='bbox 1147 4316 1163 4363; x_wconf 80' lang='grc'><strong>9</strong></span> <span class='ocrx_word' id='word_1_248' title='bbox 1187 4313 1315 4365; x_wconf 81' lang='lat' dir='ltr'>diversas</span> <span class='ocrx_word' id='word_1_249' title='bbox 1338 4320 1456 4362; x_wconf 81' lang='lat' dir='ltr'>naturae</span> <span class='ocrx_word' id='word_1_250' title='bbox 1484 4312 1506 4362; x_wconf 86' lang='lat'><em>0</em></span> 
     </span>
     <span class='ocr_line' id='line_1_31' title="bbox 363 4391 1502 4461; baseline -0.007 -13"><span class='ocrx_word' id='word_1_251' title='bbox 363 4400 458 4449; x_wconf 73' lang='lat' dir='ltr'>10e11</span> <span class='ocrx_word' id='word_1_252' title='bbox 476 4398 584 4447; x_wconf 85' lang='lat' dir='ltr'>embrio</span> <span class='ocrx_word' id='word_1_253' title='bbox 597 4396 624 4446; x_wconf 77' lang='grc' dir='ltr'><em>Ε</em></span> <span class='ocrx_word' id='word_1_254' title='bbox 687 4400 715 4445; x_wconf 83' lang='grc' dir='ltr'>ΙΙ</span> <span class='ocrx_word' id='word_1_255' title='bbox 731 4397 864 4461; x_wconf 61' lang='lat' dir='ltr'>sepriense</span> <span class='ocrx_word' id='word_1_256' title='bbox 880 4413 934 4445; x_wconf 80' lang='lat' dir='ltr'>aaa</span> <span class='ocrx_word' id='word_1_257' title='bbox 948 4397 1046 4445; x_wconf 81' lang='lat' dir='ltr'>lucana</span> <span class='ocrx_word' id='word_1_258' title='bbox 1066 4398 1153 4460; x_wconf 71' lang='lat' dir='ltr'>(jorse</span> <span class='ocrx_word' id='word_1_259' title='bbox 1170 4395 1303 4451; x_wconf 76' lang='lat' dir='ltr'>&lt;materia</span> <span class='ocrx_word' id='word_1_260' title='bbox 1319 4398 1386 4449; x_wconf 75' lang='lat' dir='ltr'>est.)</span> <span class='ocrx_word' id='word_1_261' title='bbox 1401 4408 1416 4441; x_wconf 90' lang='lat' dir='ltr'>o</span> <span class='ocrx_word' id='word_1_262' title='bbox 1432 4391 1502 4453; x_wconf 77' lang='lat' dir='ltr'>sior.)</span> 
     </span>
     <span class='ocr_line' id='line_1_32' title="bbox 363 4476 757 4529; baseline -0.008 -1"><span class='ocrx_word' id='word_1_263' title='bbox 363 4480 394 4528; x_wconf 80' lang='lat'>18</span> <span class='ocrx_word' id='word_1_264' title='bbox 410 4478 564 4529; x_wconf 69' lang='lat' dir='ltr'>erratione</span> <span class='ocrx_word' id='word_1_265' title='bbox 582 4477 717 4527; x_wconf 83' lang='lat' dir='ltr'>materiae</span> <span class='ocrx_word' id='word_1_266' title='bbox 730 4476 757 4525; x_wconf 79' lang='grc' dir='ltr'><em>Ε</em></span> 
     </span>
    </p>

    <p class='ocr_par' dir='ltr' id='par_1_13' title="bbox 495 4568 1344 4619">
     <span class='ocr_line' id='line_1_33' title="bbox 495 4568 1344 4619; baseline -0.002 -11"><span class='ocrx_word' id='word_1_267' title='bbox 495 4572 570 4610; x_wconf 67' lang='lat' dir='ltr'>Brun</span> <span class='ocrx_word' id='word_1_268' title='bbox 588 4571 642 4619; x_wconf 73' lang='lat' dir='ltr'>Opp.</span> <span class='ocrx_word' id='word_1_269' title='bbox 655 4573 695 4608; x_wconf 76' lang='lat' dir='ltr'>rat.</span> <span class='ocrx_word' id='word_1_270' title='bbox 708 4570 751 4610; x_wconf 89' lang='lat'>111.</span> <span class='ocrx_word' id='word_1_271' title='bbox 1317 4568 1344 4606; x_wconf 74' lang='lat'>40</span> 
     </span>
    </p>
   </div>
   <div class='ocr_carea' id='block_1_9' title="bbox 0 0 1748 5108">
    <p class='ocr_par' dir='ltr' id='par_1_14' title="bbox 0 0 1748 5108">
     <span class='ocr_line' id='line_1_34' title="bbox 0 0 1748 5108; baseline 0 0"><span class='ocrx_word' id='word_1_272' title='bbox 0 0 1748 5108; x_wconf 95' lang='lat' dir='ltr'> </span> 
     </span>
    </p>
   </div>
  </div>
 </body>
</html>
