<?xml version="1.0" encoding="UTF-8"?>
<!DOCTYPE html PUBLIC "-//W3C//DTD XHTML 1.0 Transitional//EN"
    "http://www.w3.org/TR/xhtml1/DTD/xhtml1-transitional.dtd">
<html xmlns="http://www.w3.org/1999/xhtml" xml:lang="en" lang="en">
 <head>
  <title>
</title>
<meta http-equiv="Content-Type" content="text/html;charset=utf-8" />
  <meta name='ocr-system' content='tesseract 3.04.00' />
  <meta name='ocr-capabilities' content='ocr_page ocr_carea ocr_par ocr_line ocrx_word'/>
</head>
<body>
  <div class='ocr_page' id='page_1' title='image "./jordanibruninol05brungoog_0290.png"; bbox 0 0 3488 5108; ppageno 0'>
   <div class='ocr_carea' id='block_1_1' title="bbox 660 404 1499 462">
    <p class='ocr_par' dir='ltr' id='par_1_1' title="bbox 660 404 1499 462">
     <span class='ocr_line' id='line_1_1' title="bbox 660 404 1499 462; baseline 0.005 -5"><span class='ocrx_word' id='word_1_1' title='bbox 660 413 967 461; x_wconf 71' lang='lat' dir='ltr'>immacalatam</span> <span class='ocrx_word' id='word_1_2' title='bbox 990 416 1198 462; x_wconf 73' lang='lat' dir='ltr'>snnevnnvu,</span> <span class='ocrx_word' id='word_1_3' title='bbox 1441 404 1499 462; x_wconf 72' lang='lat'>223</span> 
     </span>
    </p>
   </div>
   <div class='ocr_carea' id='block_1_2' title="bbox 313 568 1634 1407">
    <p class='ocr_par' dir='ltr' id='par_1_2' title="bbox 355 568 1500 658">
     <span class='ocr_line' id='line_1_2' title="bbox 355 568 1500 658; baseline 0.001 -22"><span class='ocrx_word' id='word_1_4' title='bbox 355 578 451 637; x_wconf 86' lang='lat' dir='ltr'>etex</span> <span class='ocrx_word' id='word_1_5' title='bbox 470 570 653 658; x_wconf 79' lang='lat' dir='ltr'>principiis</span> <span class='ocrx_word' id='word_1_6' title='bbox 676 568 851 651; x_wconf 75' lang='lat' dir='ltr'>eductum,</span> <span class='ocrx_word' id='word_1_7' title='bbox 871 577 907 636; x_wconf 90' lang='lat' dir='ltr'>et</span> <span class='ocrx_word' id='word_1_8' title='bbox 926 582 1010 637; x_wconf 88' lang='lat' dir='ltr'>tanc</span> <span class='ocrx_word' id='word_1_9' title='bbox 1034 573 1192 639; x_wconf 86' lang='lat' dir='ltr'>adeunda</span> <span class='ocrx_word' id='word_1_10' title='bbox 1219 584 1271 639; x_wconf 83' lang='lat' dir='ltr'>est</span> <span class='ocrx_word' id='word_1_11' title='bbox 1295 574 1397 640; x_wconf 77' lang='lat' dir='ltr'>arbor</span> <span class='ocrx_word' id='word_1_12' title='bbox 1423 573 1500 638; x_wconf 84' lang='lat' dir='ltr'>sub-</span> 
     </span>
    </p>

    <p class='ocr_par' dir='ltr' id='par_1_3' title="bbox 357 694 1500 783">
     <span class='ocr_line' id='line_1_3' title="bbox 357 694 1500 783; baseline 0.001 -23"><span class='ocrx_word' id='word_1_13' title='bbox 357 695 506 761; x_wconf 79' lang='lat' dir='ltr'>stantiae</span> <span class='ocrx_word' id='word_1_14' title='bbox 526 717 585 761; x_wconf 85' lang='lat' dir='ltr'>sen</span> <span class='ocrx_word' id='word_1_15' title='bbox 604 694 854 778; x_wconf 83' lang='lat' dir='ltr'>subiectorum,</span> <span class='ocrx_word' id='word_1_16' title='bbox 874 702 909 761; x_wconf 86' lang='lat' dir='ltr'>et</span> <span class='ocrx_word' id='word_1_17' title='bbox 932 696 1121 763; x_wconf 84' lang='lat' dir='ltr'>videndum</span> <span class='ocrx_word' id='word_1_18' title='bbox 1144 705 1197 764; x_wconf 85' lang='lat' dir='ltr'>est</span> <span class='ocrx_word' id='word_1_19' title='bbox 1216 697 1426 783; x_wconf 83' lang='lat' dir='ltr'>quomodoa</span> <span class='ocrx_word' id='word_1_20' title='bbox 1450 718 1500 761; x_wconf 80' lang='lat' dir='ltr'>ra</span> 
     </span>
    </p>

    <p class='ocr_par' dir='ltr' id='par_1_4' title="bbox 357 820 1506 910">
     <span class='ocr_line' id='line_1_4' title="bbox 357 820 1506 910; baseline -0.002 -24"><span class='ocrx_word' id='word_1_21' title='bbox 357 820 432 886; x_wconf 87' lang='lat' dir='ltr'>dice</span> <span class='ocrx_word' id='word_1_22' title='bbox 447 820 612 908; x_wconf 85' lang='lat' dir='ltr'>profluat,</span> <span class='ocrx_word' id='word_1_23' title='bbox 632 843 694 908; x_wconf 88' lang='lat' dir='ltr'>por</span> <span class='ocrx_word' id='word_1_24' title='bbox 713 843 816 905; x_wconf 88' lang='lat' dir='ltr'>quem</span> <span class='ocrx_word' id='word_1_25' title='bbox 833 822 1001 909; x_wconf 75' lang='lat' dir='ltr'>stipitem,</span> <span class='ocrx_word' id='word_1_26' title='bbox 1021 845 1083 910; x_wconf 88' lang='lat' dir='ltr'>per</span> <span class='ocrx_word' id='word_1_27' title='bbox 1107 845 1209 909; x_wconf 84' lang='lat' dir='ltr'>quem</span> <span class='ocrx_word' id='word_1_28' title='bbox 1228 846 1379 903; x_wconf 86' lang='lat' dir='ltr'>ramum,</span> <span class='ocrx_word' id='word_1_29' title='bbox 1397 843 1506 907; x_wconf 88' lang='lat' dir='ltr'>nsque</span> 
     </span>
    </p>

    <p class='ocr_par' dir='ltr' id='par_1_5' title="bbox 313 945 1634 1159">
     <span class='ocr_line' id='line_1_5' title="bbox 357 945 1634 1033; baseline -0.003 -22"><span class='ocrx_word' id='word_1_30' title='bbox 357 945 401 1011; x_wconf 84' lang='lat' dir='ltr'>ad</span> <span class='ocrx_word' id='word_1_31' title='bbox 431 946 590 1012; x_wconf 79' lang='lat' dir='ltr'>ultimam</span> <span class='ocrx_word' id='word_1_32' title='bbox 618 945 878 1030; x_wconf 73' lang='lat' dir='ltr'>diffelrentiam.</span> <span class='ocrx_word' id='word_1_33' title='bbox 908 948 1030 1033; x_wconf 83' lang='lat' dir='ltr'>Itaque</span> <span class='ocrx_word' id='word_1_34' title='bbox 1058 949 1202 1014; x_wconf 80' lang='lat' dir='ltr'>habebis</span> <span class='ocrx_word' id='word_1_35' title='bbox 1230 949 1303 1013; x_wconf 89' lang='lat' dir='ltr'>eius</span> <span class='ocrx_word' id='word_1_36' title='bbox 1331 947 1501 1013; x_wconf 88' lang='lat' dir='ltr'>rationem</span> <span class='ocrx_word' id='word_1_37' title='bbox 1528 946 1634 1009; x_wconf 66' lang='grc' dir='ltr'>191Γ</span> 
     </span>
     <span class='ocr_line' id='line_1_6' title="bbox 313 1070 1502 1159; baseline 0.002 -26"><span class='ocrx_word' id='word_1_38' title='bbox 313 1071 334 1133; x_wconf 83' lang='grc'>5</span> <span class='ocrx_word' id='word_1_39' title='bbox 357 1092 463 1157; x_wconf 84' lang='lat' dir='ltr'>penes</span> <span class='ocrx_word' id='word_1_40' title='bbox 486 1070 660 1158; x_wconf 89' lang='lat' dir='ltr'>principia</span> <span class='ocrx_word' id='word_1_41' title='bbox 684 1071 911 1137; x_wconf 86' lang='lat' dir='ltr'>constitutiva</span> <span class='ocrx_word' id='word_1_42' title='bbox 931 1079 966 1137; x_wconf 90' lang='lat' dir='ltr'>et</span> <span class='ocrx_word' id='word_1_43' title='bbox 983 1095 1089 1159; x_wconf 82' lang='lat' dir='ltr'>penes</span> <span class='ocrx_word' id='word_1_44' title='bbox 1113 1072 1227 1159; x_wconf 88' lang='lat' dir='ltr'>ipsum</span> <span class='ocrx_word' id='word_1_45' title='bbox 1246 1095 1319 1138; x_wconf 83' lang='lat' dir='ltr'>esse</span> <span class='ocrx_word' id='word_1_46' title='bbox 1338 1070 1502 1138; x_wconf 86' lang='lat' dir='ltr'>eonstitu-</span> 
     </span>
    </p>

    <p class='ocr_par' dir='ltr' id='par_1_6' title="bbox 358 1194 1500 1284">
     <span class='ocr_line' id='line_1_7' title="bbox 358 1194 1500 1284; baseline -0.001 -24"><span class='ocrx_word' id='word_1_47' title='bbox 358 1202 446 1276; x_wconf 90' lang='lat' dir='ltr'>tum,</span> <span class='ocrx_word' id='word_1_48' title='bbox 471 1194 563 1281; x_wconf 87' lang='lat' dir='ltr'>quod</span> <span class='ocrx_word' id='word_1_49' title='bbox 587 1194 807 1281; x_wconf 84' lang='lat' dir='ltr'>significatur</span> <span class='ocrx_word' id='word_1_50' title='bbox 829 1218 891 1283; x_wconf 81' lang='lat' dir='ltr'>pei·</span> <span class='ocrx_word' id='word_1_51' title='bbox 915 1197 988 1262; x_wconf 84' lang='lat' dir='ltr'>eins</span> <span class='ocrx_word' id='word_1_52' title='bbox 1017 1197 1222 1284; x_wconf 79' lang='lat' dir='ltr'>completam</span> <span class='ocrx_word' id='word_1_53' title='bbox 1254 1195 1500 1263; x_wconf 86' lang='lat' dir='ltr'>definitionem.</span> 
     </span>
    </p>

    <p class='ocr_par' dir='ltr' id='par_1_7' title="bbox 358 1318 1502 1407">
     <span class='ocr_line' id='line_1_8' title="bbox 358 1318 1502 1407; baseline 0.001 -23"><span class='ocrx_word' id='word_1_54' title='bbox 358 1318 491 1385; x_wconf 80' lang='lat' dir='ltr'>Deinde</span> <span class='ocrx_word' id='word_1_55' title='bbox 528 1319 588 1386; x_wconf 89' lang='lat' dir='ltr'>ubi</span> <span class='ocrx_word' id='word_1_56' title='bbox 622 1320 674 1386; x_wconf 90' lang='lat' dir='ltr'>ita</span> <span class='ocrx_word' id='word_1_57' title='bbox 706 1320 814 1385; x_wconf 80' lang='lat' dir='ltr'>fuerit</span> <span class='ocrx_word' id='word_1_58' title='bbox 847 1320 1047 1403; x_wconf 86' lang='lat' dir='ltr'>definitum,</span> <span class='ocrx_word' id='word_1_59' title='bbox 1080 1321 1318 1388; x_wconf 85' lang='lat' dir='ltr'>deducendum</span> <span class='ocrx_word' id='word_1_60' title='bbox 1356 1328 1408 1387; x_wconf 88' lang='lat' dir='ltr'>est</span> <span class='ocrx_word' id='word_1_61' title='bbox 1440 1342 1502 1407; x_wconf 84' lang='lat' dir='ltr'>per</span> 
     </span>
    </p>
   </div>
   <div class='ocr_carea' id='block_1_3' title="bbox 358 1443 1503 1533">
    <p class='ocr_par' dir='ltr' id='par_1_8' title="bbox 358 1443 1503 1533">
     <span class='ocr_line' id='line_1_9' title="bbox 358 1443 1503 1533; baseline 0.001 -25"><span class='ocrx_word' id='word_1_62' title='bbox 358 1443 505 1529; x_wconf 86' lang='lat' dir='ltr'>triginta</span> <span class='ocrx_word' id='word_1_63' title='bbox 524 1444 666 1528; x_wconf 84' lang='lat' dir='ltr'>formas,</span> <span class='ocrx_word' id='word_1_64' title='bbox 692 1452 881 1530; x_wconf 84' lang='lat' dir='ltr'>quaesunt</span> <span class='ocrx_word' id='word_1_65' title='bbox 909 1446 1102 1533; x_wconf 79' lang='lat' dir='ltr'>explicatae</span> <span class='ocrx_word' id='word_1_66' title='bbox 1121 1447 1158 1512; x_wconf 92' lang='lat' dir='ltr'>in</span> <span class='ocrx_word' id='word_1_67' title='bbox 1186 1446 1344 1533; x_wconf 84' lang='lat' dir='ltr'>catalogo</span> <span class='ocrx_word' id='word_1_68' title='bbox 1368 1444 1503 1533; x_wconf 87' lang='lat' dir='ltr'>praedi-</span> 
     </span>
    </p>
   </div>
   <div class='ocr_carea' id='block_1_4' title="bbox 293 1570 1506 3920">
    <p class='ocr_par' dir='ltr' id='par_1_9' title="bbox 293 1570 1506 3920">
     <span class='ocr_line' id='line_1_10' title="bbox 358 1570 1501 1658; baseline -0.002 -23"><span class='ocrx_word' id='word_1_69' title='bbox 358 1570 559 1653; x_wconf 87' lang='lat' dir='ltr'>camentali,</span> <span class='ocrx_word' id='word_1_70' title='bbox 576 1576 698 1658; x_wconf 83' lang='lat' dir='ltr'>utpote</span> <span class='ocrx_word' id='word_1_71' title='bbox 717 1593 835 1636; x_wconf 90' lang='lat' dir='ltr'>eorum</span> <span class='ocrx_word' id='word_1_72' title='bbox 852 1594 939 1656; x_wconf 66' lang='lat' dir='ltr'>&lt;pilae</span> <span class='ocrx_word' id='word_1_73' title='bbox 956 1570 1172 1637; x_wconf 83' lang='lat' dir='ltr'>substantiae</span> <span class='ocrx_word' id='word_1_74' title='bbox 1189 1580 1223 1637; x_wconf 83' lang='lat' dir='ltr'>et</span> <span class='ocrx_word' id='word_1_75' title='bbox 1239 1571 1408 1637; x_wconf 86' lang='lat' dir='ltr'>essentiae</span> <span class='ocrx_word' id='word_1_76' title='bbox 1424 1591 1501 1636; x_wconf 87' lang='lat' dir='ltr'>con·</span> 
     </span>
     <span class='ocr_line' id='line_1_11' title="bbox 293 1694 1500 1784; baseline 0.002 -27"><span class='ocrx_word' id='word_1_77' title='bbox 293 1694 517 1777; x_wconf 74' lang='lat' dir='ltr'>inveniunt,</span> <span class='ocrx_word' id='word_1_78' title='bbox 542 1702 664 1783; x_wconf 81' lang='lat' dir='ltr'>utpote</span> <span class='ocrx_word' id='word_1_79' title='bbox 686 1696 804 1761; x_wconf 85' lang='lat' dir='ltr'>videre</span> <span class='ocrx_word' id='word_1_80' title='bbox 834 1704 886 1762; x_wconf 87' lang='lat' dir='ltr'>est</span> <span class='ocrx_word' id='word_1_81' title='bbox 916 1697 1026 1784; x_wconf 87' lang='lat' dir='ltr'>ipsius</span> <span class='ocrx_word' id='word_1_82' title='bbox 1055 1721 1141 1779; x_wconf 84' lang='lat' dir='ltr'>esse,</span> <span class='ocrx_word' id='word_1_83' title='bbox 1170 1696 1393 1762; x_wconf 83' lang='lat' dir='ltr'>existentiam</span> <span class='ocrx_word' id='word_1_84' title='bbox 1422 1701 1500 1777; x_wconf 82' lang='lat' dir='ltr'>cta,</span> 
     </span>
     <span class='ocr_line' id='line_1_12' title="bbox 358 1820 1503 1909; baseline -0.002 -24"><span class='ocrx_word' id='word_1_85' title='bbox 358 1820 529 1906; x_wconf 84' lang='lat' dir='ltr'>usquead</span> <span class='ocrx_word' id='word_1_86' title='bbox 549 1821 711 1886; x_wconf 90' lang='lat' dir='ltr'>ultimum</span> <span class='ocrx_word' id='word_1_87' title='bbox 731 1822 823 1907; x_wconf 79' lang='lat' dir='ltr'>quod</span> <span class='ocrx_word' id='word_1_88' title='bbox 843 1829 894 1886; x_wconf 83' lang='lat' dir='ltr'>est</span> <span class='ocrx_word' id='word_1_89' title='bbox 918 1821 999 1887; x_wconf 89' lang='lat' dir='ltr'>vita.</span> <span class='ocrx_word' id='word_1_90' title='bbox 1020 1823 1167 1909; x_wconf 84' lang='lat' dir='ltr'>Insuper</span> <span class='ocrx_word' id='word_1_91' title='bbox 1190 1830 1225 1887; x_wconf 90' lang='lat' dir='ltr'>et</span> <span class='ocrx_word' id='word_1_92' title='bbox 1244 1821 1430 1887; x_wconf 81' lang='lat' dir='ltr'>videndum</span> <span class='ocrx_word' id='word_1_93' title='bbox 1451 1827 1503 1884; x_wconf 84' lang='lat' dir='ltr'>eet</span> 
     </span>
     <span class='ocr_line' id='line_1_13' title="bbox 357 1945 1502 2034; baseline -0.003 -20"><span class='ocrx_word' id='word_1_94' title='bbox 357 1947 547 2014; x_wconf 80' lang='lat' dir='ltr'>secundum</span> <span class='ocrx_word' id='word_1_95' title='bbox 576 1968 662 2033; x_wconf 82' lang='lat' dir='ltr'>quos</span> <span class='ocrx_word' id='word_1_96' title='bbox 693 1946 811 2012; x_wconf 81' lang='lat' dir='ltr'>modos</span> <span class='ocrx_word' id='word_1_97' title='bbox 841 1954 875 2013; x_wconf 83' lang='lat' dir='ltr'>et</span> <span class='ocrx_word' id='word_1_98' title='bbox 904 1970 989 2033; x_wconf 70' lang='lat' dir='ltr'>«litas</span> <span class='ocrx_word' id='word_1_99' title='bbox 1019 1949 1172 2013; x_wconf 84' lang='lat' dir='ltr'>rationes</span> <span class='ocrx_word' id='word_1_100' title='bbox 1195 1948 1278 2013; x_wconf 86' lang='lat' dir='ltr'>hoec</span> <span class='ocrx_word' id='word_1_101' title='bbox 1303 1945 1502 2034; x_wconf 82' lang='lat' dir='ltr'>praedicata</span> 
     </span>
     <span class='ocr_line' id='line_1_14' title="bbox 357 2071 859 2140; baseline -0.004 -1"><span class='ocrx_word' id='word_1_102' title='bbox 357 2072 523 2140; x_wconf 83' lang='lat' dir='ltr'>subiectis</span> <span class='ocrx_word' id='word_1_103' title='bbox 543 2071 613 2138; x_wconf 86' lang='lat' dir='ltr'>illis</span> <span class='ocrx_word' id='word_1_104' title='bbox 633 2073 859 2137; x_wconf 76' lang='lat' dir='ltr'>conveniant:</span> 
     </span>
     <span class='ocr_line' id='line_1_15' title="bbox 448 2196 1500 2285; baseline -0.003 -23"><span class='ocrx_word' id='word_1_105' title='bbox 448 2198 564 2263; x_wconf 85' lang='lat' dir='ltr'>Primo</span> <span class='ocrx_word' id='word_1_106' title='bbox 594 2197 733 2283; x_wconf 86' lang='lat' dir='ltr'>quidam</span> <span class='ocrx_word' id='word_1_107' title='bbox 768 2198 969 2285; x_wconf 84' lang='lat' dir='ltr'>accipiendo</span> <span class='ocrx_word' id='word_1_108' title='bbox 1002 2198 1210 2265; x_wconf 85' lang='lat' dir='ltr'>bimembres</span> <span class='ocrx_word' id='word_1_109' title='bbox 1244 2196 1500 2279; x_wconf 72' lang='lat' dir='ltr'>distinctiones,</span> 
     </span>
     <span class='ocr_line' id='line_1_16' title="bbox 297 2324 846 2412; baseline -0.002 -21"><span class='ocrx_word' id='word_1_110' title='bbox 297 2329 338 2393; x_wconf 81' lang='lat'>15</span> <span class='ocrx_word' id='word_1_111' title='bbox 362 2347 509 2412; x_wconf 65' lang='lat' dir='ltr'>(lucrum</span> <span class='ocrx_word' id='word_1_112' title='bbox 527 2333 666 2391; x_wconf 83' lang='lat' dir='ltr'>nonest</span> <span class='ocrx_word' id='word_1_113' title='bbox 685 2324 846 2390; x_wconf 86' lang='lat' dir='ltr'>medinm.</span> 
     </span>
     <span class='ocr_line' id='line_1_17' title="bbox 448 2448 1502 2536; baseline -0.001 -22"><span class='ocrx_word' id='word_1_114' title='bbox 448 2450 493 2514; x_wconf 91' lang='grc' dir='ltr'>ΙΙ.</span> <span class='ocrx_word' id='word_1_115' title='bbox 514 2450 582 2515; x_wconf 84' lang='lat' dir='ltr'>Eas</span> <span class='ocrx_word' id='word_1_116' title='bbox 598 2470 744 2535; x_wconf 86' lang='lat' dir='ltr'>quarum</span> <span class='ocrx_word' id='word_1_117' title='bbox 762 2448 912 2516; x_wconf 80' lang='lat' dir='ltr'>medium</span> <span class='ocrx_word' id='word_1_118' title='bbox 929 2459 982 2516; x_wconf 81' lang='lat' dir='ltr'>est</span> <span class='ocrx_word' id='word_1_119' title='bbox 997 2450 1268 2533; x_wconf 86' lang='lat' dir='ltr'>innominatum,</span> <span class='ocrx_word' id='word_1_120' title='bbox 1286 2450 1502 2536; x_wconf 83' lang='lat' dir='ltr'>complexum</span> 
     </span>
     <span class='ocr_line' id='line_1_18' title="bbox 359 2576 774 2642; baseline 0.002 -2"><span class='ocrx_word' id='word_1_121' title='bbox 359 2576 523 2642; x_wconf 87' lang='lat' dir='ltr'>videlicet</span> <span class='ocrx_word' id='word_1_122' title='bbox 541 2599 582 2641; x_wconf 84' lang='lat' dir='ltr'>ex</span> <span class='ocrx_word' id='word_1_123' title='bbox 602 2577 774 2642; x_wconf 71' lang='lat' dir='ltr'>extremis</span> 
     </span>
     <span class='ocr_line' id='line_1_19' title="bbox 448 2700 1503 2788; baseline -0.003 -22"><span class='ocrx_word' id='word_1_124' title='bbox 448 2703 512 2767; x_wconf 90' lang='lat' dir='ltr'>III.</span> <span class='ocrx_word' id='word_1_125' title='bbox 532 2702 615 2768; x_wconf 86' lang='lat' dir='ltr'>Illas</span> <span class='ocrx_word' id='word_1_126' title='bbox 635 2725 722 2788; x_wconf 66' lang='lat' dir='ltr'>(luae</span> <span class='ocrx_word' id='word_1_127' title='bbox 751 2708 831 2768; x_wconf 75' lang='lat' dir='ltr'>saint</span> <span class='ocrx_word' id='word_1_128' title='bbox 863 2703 954 2767; x_wconf 81' lang='lat' dir='ltr'>eirea</span> <span class='ocrx_word' id='word_1_129' title='bbox 977 2724 1049 2767; x_wconf 81' lang='lat' dir='ltr'>csse</span> <span class='ocrx_word' id='word_1_130' title='bbox 1073 2702 1136 2781; x_wconf 82' lang='lat' dir='ltr'>rei,</span> <span class='ocrx_word' id='word_1_131' title='bbox 1167 2701 1317 2766; x_wconf 84' lang='lat' dir='ltr'>medinm</span> <span class='ocrx_word' id='word_1_132' title='bbox 1336 2700 1503 2765; x_wconf 80' lang='lat' dir='ltr'>babentes</span> 
     </span>
     <span class='ocr_line' id='line_1_20' title="bbox 359 2831 929 2897; baseline -0.004 0"><span class='ocrx_word' id='word_1_133' title='bbox 359 2831 576 2897; x_wconf 88' lang='lat' dir='ltr'>nominatum</span> <span class='ocrx_word' id='word_1_134' title='bbox 596 2838 630 2896; x_wconf 87' lang='lat' dir='ltr'>ct</span> <span class='ocrx_word' id='word_1_135' title='bbox 649 2831 929 2896; x_wconf 83' lang='lat' dir='ltr'>determinatum.</span> 
     </span>
     <span class='ocr_line' id='line_1_21' title="bbox 294 2958 990 3037; baseline -0.013 -7"><span class='ocrx_word' id='word_1_136' title='bbox 294 2968 338 3030; x_wconf 81' lang='lat'>20</span> <span class='ocrx_word' id='word_1_137' title='bbox 449 2961 508 3026; x_wconf 90' lang='lat' dir='ltr'>IV.</span> <span class='ocrx_word' id='word_1_138' title='bbox 529 2960 623 3037; x_wconf 83' lang='lat' dir='ltr'>Quae</span> <span class='ocrx_word' id='word_1_139' title='bbox 640 2958 730 3024; x_wconf 87' lang='lat' dir='ltr'>circa</span> <span class='ocrx_word' id='word_1_140' title='bbox 750 2959 798 3023; x_wconf 82' lang='lat' dir='ltr'>rei</span> <span class='ocrx_word' id='word_1_141' title='bbox 820 2958 990 3023; x_wconf 82' lang='lat' dir='ltr'>notitiam.</span> 
     </span>
     <span class='ocr_line' id='line_1_22' title="bbox 449 3081 1411 3171; baseline -0.006 -21"><span class='ocrx_word' id='word_1_142' title='bbox 449 3087 490 3151; x_wconf 89' lang='lat' dir='ltr'>V.</span> <span class='ocrx_word' id='word_1_143' title='bbox 511 3085 548 3149; x_wconf 81' lang='lat' dir='ltr'>Si</span> <span class='ocrx_word' id='word_1_144' title='bbox 568 3087 690 3150; x_wconf 83' lang='lat' dir='ltr'>iteres</span> <span class='ocrx_word' id='word_1_145' title='bbox 710 3084 911 3171; x_wconf 80' lang='lat' dir='ltr'>postulabit,</span> <span class='ocrx_word' id='word_1_146' title='bbox 932 3083 1091 3148; x_wconf 82' lang='lat' dir='ltr'>ci1·carci</span> <span class='ocrx_word' id='word_1_147' title='bbox 1112 3081 1411 3168; x_wconf 75' lang='lat' dir='ltr'>significatnmmn.</span> 
     </span>
     <span class='ocr_line' id='line_1_23' title="bbox 448 3207 1503 3295; baseline -0.01 -20"><span class='ocrx_word' id='word_1_148' title='bbox 448 3210 583 3275; x_wconf 86' lang='lat' dir='ltr'>Deinde</span> <span class='ocrx_word' id='word_1_149' title='bbox 603 3231 679 3274; x_wconf 85' lang='lat' dir='ltr'>cum</span> <span class='ocrx_word' id='word_1_150' title='bbox 701 3209 813 3295; x_wconf 83' lang='lat' dir='ltr'>ipsum</span> <span class='ocrx_word' id='word_1_151' title='bbox 836 3208 885 3274; x_wconf 86' lang='lat' dir='ltr'>ita</span> <span class='ocrx_word' id='word_1_152' title='bbox 904 3208 1010 3272; x_wconf 82' lang='lat' dir='ltr'>fucrit</span> <span class='ocrx_word' id='word_1_153' title='bbox 1029 3207 1244 3293; x_wconf 80' lang='lat' dir='ltr'>expeditum,</span> <span class='ocrx_word' id='word_1_154' title='bbox 1270 3214 1389 3292; x_wconf 81' lang='lat' dir='ltr'>utpote</span> <span class='ocrx_word' id='word_1_155' title='bbox 1409 3228 1503 3291; x_wconf 73' lang='lat' dir='ltr'>prae-</span> 
     </span>
     <span class='ocr_line' id='line_1_24' title="bbox 361 3330 1504 3423; baseline -0.008 -21"><span class='ocrx_word' id='word_1_156' title='bbox 361 3336 541 3423; x_wconf 86' lang='lat' dir='ltr'>paratione</span> <span class='ocrx_word' id='word_1_157' title='bbox 561 3335 635 3399; x_wconf 80' lang='lat' dir='ltr'>visa</span> <span class='ocrx_word' id='word_1_158' title='bbox 654 3334 799 3399; x_wconf 85' lang='lat' dir='ltr'>subiecti</span> <span class='ocrx_word' id='word_1_159' title='bbox 816 3334 912 3398; x_wconf 82' lang='lat' dir='ltr'>iuxta</span> <span class='ocrx_word' id='word_1_160' title='bbox 932 3332 1261 3419; x_wconf 86' lang='lat' dir='ltr'>contemplationem</span> <span class='ocrx_word' id='word_1_161' title='bbox 1285 3354 1325 3396; x_wconf 81' lang='lat' dir='ltr'>ex</span> <span class='ocrx_word' id='word_1_162' title='bbox 1345 3330 1504 3394; x_wconf 58' lang='lat' dir='ltr'>‹intremi-</span> 
     </span>
     <span class='ocr_line' id='line_1_25' title="bbox 361 3462 633 3548; baseline -0.018 -20"><span class='ocrx_word' id='word_1_163' title='bbox 361 3471 433 3529; x_wconf 87' lang='lat' dir='ltr'>tate</span> <span class='ocrx_word' id='word_1_164' title='bbox 451 3462 633 3548; x_wconf 80' lang='lat' dir='ltr'>graduum.</span> 
     </span>
     <span class='ocr_line' id='line_1_26' title="bbox 295 3579 1506 3669; baseline -0.008 -16"><span class='ocrx_word' id='word_1_165' title='bbox 295 3592 338 3653; x_wconf 76' lang='lat'>25</span> <span class='ocrx_word' id='word_1_166' title='bbox 451 3588 496 3652; x_wconf 93' lang='grc' dir='ltr'>ΙΙ.</span> <span class='ocrx_word' id='word_1_167' title='bbox 516 3586 569 3650; x_wconf 83' lang='lat' dir='ltr'>Ex</span> <span class='ocrx_word' id='word_1_168' title='bbox 589 3584 773 3650; x_wconf 73' lang='lat' dir='ltr'>existentia</span> <span class='ocrx_word' id='word_1_169' title='bbox 792 3582 939 3648; x_wconf 84' lang='lat' dir='ltr'>subiecti</span> <span class='ocrx_word' id='word_1_170' title='bbox 959 3592 993 3647; x_wconf 84' lang='lat' dir='ltr'>et</span> <span class='ocrx_word' id='word_1_171' title='bbox 1010 3583 1108 3669; x_wconf 66' lang='lat' dir='ltr'>qumi</span> <span class='ocrx_word' id='word_1_172' title='bbox 1125 3581 1310 3647; x_wconf 83' lang='lat' dir='ltr'>nativitate</span> <span class='ocrx_word' id='word_1_173' title='bbox 1326 3603 1387 3667; x_wconf 80' lang='lat' dir='ltr'>pol·</span> <span class='ocrx_word' id='word_1_174' title='bbox 1407 3579 1506 3644; x_wconf 68' lang='lat' dir='ltr'>eilue-</span> 
     </span>
     <span class='ocr_line' id='line_1_27' title="bbox 362 3708 829 3779; baseline -0.017 0"><span class='ocrx_word' id='word_1_175' title='bbox 362 3714 494 3779; x_wconf 90' lang='lat' dir='ltr'>tioncm</span> <span class='ocrx_word' id='word_1_176' title='bbox 514 3735 534 3776; x_wconf 79' lang='lat' dir='ltr'>a·</span> <span class='ocrx_word' id='word_1_177' title='bbox 553 3710 666 3776; x_wconf 83' lang='lat' dir='ltr'>radice</span> <span class='ocrx_word' id='word_1_178' title='bbox 687 3708 829 3775; x_wconf 82' lang='lat' dir='ltr'>arboris.</span> 
     </span>
     <span class='ocr_line' id='line_1_28' title="bbox 451 3830 1503 3920; baseline -0.008 -19"><span class='ocrx_word' id='word_1_179' title='bbox 451 3838 515 3901; x_wconf 88' lang='grc' dir='ltr'>ΠΙ.</span> <span class='ocrx_word' id='word_1_180' title='bbox 537 3834 692 3901; x_wconf 74' lang='lat' dir='ltr'>Subiceti</span> <span class='ocrx_word' id='word_1_181' title='bbox 713 3832 960 3920; x_wconf 84' lang='lat' dir='ltr'>perfectionem</span> <span class='ocrx_word' id='word_1_182' title='bbox 981 3842 1014 3895; x_wconf 85' lang='lat' dir='ltr'>et</span> <span class='ocrx_word' id='word_1_183' title='bbox 1034 3830 1273 3895; x_wconf 79' lang='lat' dir='ltr'>dilatatioman</span> <span class='ocrx_word' id='word_1_184' title='bbox 1290 3851 1351 3915; x_wconf 82' lang='lat' dir='ltr'>per</span> <span class='ocrx_word' id='word_1_185' title='bbox 1370 3830 1503 3893; x_wconf 79' lang='lat' dir='ltr'>miiver·</span> 
     </span>
    </p>
   </div>
   <div class='ocr_carea' id='block_1_5' title="bbox 363 3961 674 4049">
    <p class='ocr_par' dir='ltr' id='par_1_10' title="bbox 363 3961 674 4049">
     <span class='ocr_line' id='line_1_29' title="bbox 363 3961 674 4049; baseline -0.013 -21"><span class='ocrx_word' id='word_1_186' title='bbox 363 3962 447 4029; x_wconf 81' lang='lat' dir='ltr'>salia</span> <span class='ocrx_word' id='word_1_187' title='bbox 467 3961 674 4049; x_wconf 79' lang='lat' dir='ltr'>praedicata.</span> 
     </span>
    </p>
   </div>
   <div class='ocr_carea' id='block_1_6' title="bbox 457 4254 1505 4327">
    <p class='ocr_par' dir='ltr' id='par_1_11' title="bbox 457 4254 1505 4327">
     <span class='ocr_line' id='line_1_30' title="bbox 457 4254 1505 4327; baseline -0.007 -16"><span class='ocrx_word' id='word_1_188' title='bbox 457 4265 470 4311; x_wconf 87' lang='lat'><em>1</em></span> <span class='ocrx_word' id='word_1_189' title='bbox 489 4266 518 4310; x_wconf 88' lang='lat' dir='ltr'>ct</span> <span class='ocrx_word' id='word_1_190' title='bbox 531 4260 575 4327; x_wconf 85' lang='lat' dir='ltr'>ex]</span> <span class='ocrx_word' id='word_1_191' title='bbox 589 4268 621 4310; x_wconf 87' lang='lat' dir='ltr'>ut</span> <span class='ocrx_word' id='word_1_192' title='bbox 637 4266 681 4309; x_wconf 82' lang='lat' dir='ltr'>est</span> <span class='ocrx_word' id='word_1_193' title='bbox 695 4275 730 4310; x_wconf 85' lang='lat' dir='ltr'>ex</span> <span class='ocrx_word' id='word_1_194' title='bbox 744 4259 774 4308; x_wconf 80' lang='lat' dir='ltr'><em>M</em></span> <span class='ocrx_word' id='word_1_195' title='bbox 839 4259 937 4308; x_wconf 77' lang='lat' dir='ltr'>incerto</span> <span class='ocrx_word' id='word_1_196' title='bbox 948 4273 973 4307; x_wconf 78' lang='lat' dir='ltr'>ae</span> <span class='ocrx_word' id='word_1_197' title='bbox 984 4255 1064 4306; x_wconf 81' lang='lat' dir='ltr'>abbia</span> <span class='ocrx_word' id='word_1_198' title='bbox 1078 4257 1213 4307; x_wconf 86' lang='lat' dir='ltr'>eductum</span> <span class='ocrx_word' id='word_1_199' title='bbox 1230 4274 1244 4305; x_wconf 87' lang='lat' dir='ltr'>o</span> <span class='ocrx_word' id='word_1_200' title='bbox 1263 4254 1387 4305; x_wconf 85' lang='lat' dir='ltr'>edictum</span> <span class='ocrx_word' id='word_1_201' title='bbox 1404 4255 1442 4304; x_wconf 84' lang='lat' dir='ltr'>A:</span> <span class='ocrx_word' id='word_1_202' title='bbox 1460 4255 1505 4304; x_wconf 87' lang='lat' dir='ltr'>dc·</span> 
     </span>
    </p>
   </div>
   <div class='ocr_carea' id='block_1_7' title="bbox 363 4334 1506 4542">
    <p class='ocr_par' dir='ltr' id='par_1_12' title="bbox 363 4334 1506 4542">
     <span class='ocr_line' id='line_1_31' title="bbox 363 4334 1506 4405; baseline -0.006 -11"><span class='ocrx_word' id='word_1_203' title='bbox 363 4345 481 4395; x_wconf 86' lang='lat' dir='ltr'>ductum</span> <span class='ocrx_word' id='word_1_204' title='bbox 494 4342 526 4392; x_wconf 85' lang='grc' dir='ltr'><em>Μ</em></span> <span class='ocrx_word' id='word_1_205' title='bbox 587 4342 602 4390; x_wconf 74' lang='lat'>3</span> <span class='ocrx_word' id='word_1_206' title='bbox 617 4340 744 4405; x_wconf 83' lang='lat' dir='ltr'>prolluat</span> <span class='ocrx_word' id='word_1_207' title='bbox 759 4338 796 4391; x_wconf 75' lang='lat' dir='ltr'>A:</span> <span class='ocrx_word' id='word_1_208' title='bbox 812 4339 935 4404; x_wconf 87' lang='lat' dir='ltr'>perlluat</span> <span class='ocrx_word' id='word_1_209' title='bbox 947 4338 977 4388; x_wconf 77' lang='lat' dir='ltr'>l!</span> <span class='ocrx_word' id='word_1_210' title='bbox 1040 4338 1088 4387; x_wconf 84' lang='lat' dir='ltr'>·l.5</span> <span class='ocrx_word' id='word_1_211' title='bbox 1103 4339 1246 4389; x_wconf 84' lang='lat' dir='ltr'>rationem</span> <span class='ocrx_word' id='word_1_212' title='bbox 1260 4334 1429 4401; x_wconf 84' lang='lat' dir='ltr'>(secundum</span> <span class='ocrx_word' id='word_1_213' title='bbox 1443 4350 1506 4387; x_wconf 79' lang='lat' dir='ltr'>aaa·</span> 
     </span>
     <span class='ocr_line' id='line_1_32' title="bbox 364 4428 776 4542; baseline -0.012 -15"><span class='ocrx_word' id='word_1_214' title='bbox 364 4477 468 4539; x_wconf 78' lang='lat' dir='ltr'>collate)</span> <span class='ocrx_word' id='word_1_215' title='bbox 482 4452 623 4542; x_wconf 79' lang='lat' dir='ltr'>principia</span> <span class='ocrx_word' id='word_1_216' title='bbox 636 4428 669 4540; x_wconf 77' lang='lat' dir='ltr'>pi</span> <span class='ocrx_word' id='word_1_217' title='bbox 691 4487 739 4523; x_wconf 79' lang='lat' dir='ltr'>nea</span> <span class='ocrx_word' id='word_1_218' title='bbox 754 4475 776 4523; x_wconf 83' lang='grc' dir='ltr'><strong><em>Α</em></strong></span> 
     </span>
    </p>
   </div>
   <div class='ocr_carea' id='block_1_8' title="bbox 0 0 1772 5108">
    <p class='ocr_par' dir='ltr' id='par_1_13' title="bbox 0 0 1772 5108">
     <span class='ocr_line' id='line_1_33' title="bbox 0 0 1772 5108; baseline 0 0"><span class='ocrx_word' id='word_1_219' title='bbox 0 0 1772 5108; x_wconf 95' lang='lat' dir='ltr'> </span> 
     </span>
    </p>
   </div>
  </div>
 </body>
</html>
