3488 5108
247 409 304 468 162
682 417 825 465 reanum
844 417 948 463 snvm

245 579 354 647 multa
372 600 528 645 amamus
548 577 675 663 quibus
693 597 764 642 non
783 575 871 641 bene
893 574 1066 659 volumus,
1091 580 1214 662 utpote
1237 572 1298 640 ubi
1321 573 1392 639 vel·

245 708 355 773 lemus
373 704 613 794 pauperiorem
632 726 706 770 esse
723 703 871 770 amicam
887 702 944 769 vel
960 702 1227 786 infortunatam,
1246 724 1316 788 qua
1332 724 1392 769 no·

245 833 299 898 bis
311 830 423 919 magis
441 830 603 916 indigens
622 829 734 916 magis
753 829 941 894 inclinetur
959 835 995 895 et
1013 827 1197 916 captabilis
1215 827 1389 896 reddatur.

332 957 374 1023 V.
399 956 463 1022 Est
481 954 597 1039 ardor,
617 961 740 1043 utpote
757 954 873 1042 prima
889 953 1049 1020 incitatio
1069 951 1248 1040 quaedam.

198 1078 221 1142 5
334 1081 393 1147 VI.
417 1080 545 1147 Aestus
563 1102 625 1146 seu
643 1079 792 1162 exustio,
816 1102 940 1169 nempe
957 1078 1092 1146 ardoris
1108 1077 1259 1145 effectus.

334 1206 412 1273 VII.
437 1206 501 1272 Est
519 1204 642 1290 libide,
662 1211 784 1292 utpote
802 1204 1005 1272 habituatus
1024 1204 1135 1271 ardor.
1446 1281 1450 1285 ,

332 1331 430 1399 VIII.
455 1331 519 1398 Est
538 1330 698 1414 ambitio,
728 1337 851 1419 utpote
880 1330 1021 1397 habitus
1049 1328 1318 1396 transscendens
1346 1329 1391 1396 ab

245 1457 379 1524 obiecto
398 1455 443 1523 ad
461 1456 740 1523 circumstantias
758 1456 897 1538 obiecti,
923 1463 1044 1543 utpote
1067 1454 1111 1521 ad
1134 1479 1174 1522 ea
1198 1478 1286 1541 quae
1310 1478 1390 1522 con-

243 1583 376 1650 ducunt
394 1589 429 1648 et
447 1581 645 1666 conferunt,
665 1581 781 1667 qualia
800 1590 882 1648 sumt
900 1580 1061 1665 honores,
1082 1580 1228 1648 divitiae
1245 1588 1281 1647 et
1300 1580 1392 1647 simi·

180 1715 222 1779 10
243 1708 304 1794 lia,
324 1708 449 1795 quibus
468 1714 603 1774 amator
621 1707 732 1794 magis
751 1729 787 1773 se
805 1709 940 1795 placere
959 1729 1059 1795 posse
1078 1712 1272 1794 cognoscat.

332 1834 397 1898 IX.
417 1832 646 1919 Deliberati0,
660 1839 782 1920 utpote
798 1839 999 1899 consumata
1016 1832 1185 1919 quaedam
1206 1831 1355 1899 affectio.

332 1960 378 2025 X.
402 1958 574 2041 Licentia;
594 1959 648 2025 illi
667 1958 771 2042 enim,
792 1957 852 2043 qui
870 1958 1006 2045 perdite
1025 1963 1156 2042 amant,
1182 1956 1300 2023 omnia
1322 1957 1390 2024 sibi

243 2085 346 2151 licere
364 2084 566 2150 existimant
588 2084 644 2150 vel
668 2083 735 2150 sibi
758 2083 861 2150 licere
884 2082 1022 2166 volunt,
1046 2083 1138 2149 unde
1165 2082 1389 2170 proverbium

243 2211 331 2277 illud
345 2209 353 2234 ²
366 2209 459 2296 quod
478 2210 602 2295 placet,
623 2209 736 2275 licet'

177 2347 219 2413 15
332 2335 397 2401 XI.
428 2334 594 2421 Sequitur
623 2333 786 2417 aviditas,
818 2341 905 2421 puta
934 2333 1102 2401 effrenata
1131 2333 1301 2420 quaedam
1329 2356 1389 2400 au·

243 2462 392 2551 cupatio.

330 2589 414 2656 XII.
438 2590 502 2657 Est
521 2590 676 2672 aculeusr,
695 2594 818 2676 utpote
836 2589 1102 2676 penetrativitas
1122 2589 1276 2656 affectus.

330 2715 432 2782 XIII.
459 2715 643 2800 Stimulus,
662 2715 723 2800 qui
742 2736 906 2780 exsensu
925 2714 1035 2780 aculei
1053 2715 1295 2802 proficiscitur.

331 2841 427 2908 XIV.
451 2841 516 2907 Est
535 2840 742 2929 epithymia,
766 2845 887 2927 utpote
910 2839 1130 2927 inexplebilis
1154 2863 1213 2907 seu
1236 2840 1387 2928 inexple

175 2974 220 3038 ‘20
242 2969 359 3036 bilitas
379 2968 548 3054 quaedam
565 2966 771 3051 voluntatis,
792 2988 879 3051 quae
898 2966 994 3032 nulla
1019 2990 1055 3033 re
1078 2967 1204 3056 adepta
1228 2969 1388 3055 conquie-

242 3094 308 3160 scit
326 3094 381 3160 vcl
401 3093 559 3160 satiatur.

330 3219 408 3284 XV.
431 3219 495 3284 Est
521 3216 685 3300 irretitio,
706 3216 805 3302 quasi
829 3217 954 3284 retium
978 3219 1143 3305 expansio
1167 3217 1210 3283 ad
1234 3240 1386 3306 compre·

241 3344 474 3429 hendendum‚
494 3343 551 3409 vel
568 3342 707 3430 passiva
727 3342 984 3430 comprehensio
1008 3366 1077 3428 qua
1100 3342 1274 3432 quispiam
1298 3365 1386 3410 com·

241 3472 475 3561 prehenditur.

175 3605 218 3669 ‘25
330 3598 427 3664 XVI.
451 3597 515 3661 Est
533 3617 643 3677 mora,
669 3600 790 3680 utpote
814 3594 902 3659 ratio
927 3616 995 3681 qua
1019 3595 1174 3661 irretitus
1198 3596 1386 3683 detinetur,

242 3724 341 3811 quasi
360 3721 571 3810 suspendens
591 3719 758 3785 iudicium
777 3725 811 3784 et
830 3718 973 3784 haerens
993 3720 1031 3784 in
1049 3742 1198 3786 assensu.

330 3848 446 3916 XVII.
470 3847 533 3913 Est
553 3844 810 3927 commentatiO,
828 3851 949 3930 utpote
967 3844 1093 3910 mentis
1113 3847 1282 3930 quaedam
1306 3871 1385 3914 con·

242 3977 372 4043 ciliatio
391 3975 434 4041 ad
453 3997 525 4041 rem
545 3978 710 4056 amatam,
732 3977 901 4057 quatenus
920 3971 1069 4036 libenter
1088 3972 1186 4038 audit
1204 3974 1338 4041 laudari
1352 3982 1387 4041 et

242 4101 459 4190 magnificari
480 4100 668 4184 obiectum,
689 4119 757 4185 quo
776 4098 887 4184 magis
911 4119 1007 4164 emor
1031 4105 1177 4182 crescst;
1202 4099 1258 4165 vel
1280 4099 1385 4167 etiam

1231 4294 1381 4303 ——-.

333 4405 513 4470 tsorscquo
577 4405 606 4453 11
625 4403 873 4454 consummatalll
934 4405 964 4453 15
981 4403 1178 4454 effraenataA
1243 4406 1274 4456 19
1296 4407 1385 4471 epity-

241 4484 333 4538 mian
392 4483 576 4552 inexplebilis
587 4485 772 4546 (voluntas>?
830 4485 862 4535 22
870 4483 995 4536 irretitio
1003 4484 1089 4552 quasi
1101 4485 1207 4536 retium
1217 4485 1268 4536 dac
1276 4486 1342 4539 eollo
1350 4486 1385 4537 Αί
