3488 5108
548 404 677 450 usurus
697 404 856 475 rnrersrn
879 404 1084 450 srrrvsavn.
1346 386 1383 447 *11

240 559 422 626 restitutus
442 559 557 644 fuerit,
579 560 754 647 signifieat
772 562 983 651 principium
1003 562 1039 626 in
1055 560 1140 648 ipsis
1158 583 1246 647 quae
1264 560 1301 626 in
1321 560 1386 627 oir-

243 686 416 752 oulatione
436 685 585 772 quadam
613 687 821 770 consistunt,
847 687 1063 754 revolutione
1086 694 1190 772 atque
1212 685 1386 752 vioissitu-

241 809 336 893 dine,
361 811 399 877 in
429 812 555 897 quibus
586 835 790 879 concurrere
819 815 906 880 solet
935 814 1087 901 primum
1117 822 1152 878 et
1181 819 1387 894 extremum;

243 935 333 1002 siout
352 937 390 1002 in
409 937 537 1005 circulo
561 945 596 1004 et
620 938 767 1026 sphaera
792 939 903 1005 omnis
927 946 1076 1028 punctus
1099 944 1151 1005 est
1173 937 1386 1026 principium

199 1067 221 1132 5
244 1068 349 1149 atque
367 1061 447 1128 finis
466 1063 568 1146 idem,
582 1071 616 1129 et
637 1085 679 1129 ex
701 1065 795 1130 omni
814 1072 943 1153 puncto
963 1072 1059 1131 ortus
1078 1064 1227 1131 sumitur
1243 1070 1277 1129 et
1294 1085 1387 1130 ocea-

241 1211 314 1271 suS,
335 1189 497 1257 decursus
516 1200 551 1257 et
571 1214 738 1259 recursus.

331 1314 433 1380 XIX.
457 1317 588 1382 Currus
615 1317 688 1383 eius
712 1317 892 1404 egrediens
916 1319 1056 1385 evolans
1081 1341 1100 1384 a
1124 1317 1257 1384 duobus
1277 1316 1387 1382 eorvis

242 1445 375 1505 tractus
395 1441 606 1529 principium
631 1442 673 1508 de
697 1466 764 1529 quo
788 1467 847 1510 seu
872 1444 980 1528 unde,
1006 1466 1074 1529 qua
1097 1442 1231 1509 ratione
1255 1442 1388 1529 primus

242 1575 393 1653 punctus
413 1568 524 1635 lineae
541 1570 753 1657 principium
769 1570 898 1637 dieitur
913 1578 1039 1653 reotoe,
1057 1579 1092 1636 et
1109 1570 1278 1636 terminus
1294 1568 1386 1635 unde

178 1707 220 1771 10
243 1718 363 1762 aursus
382 1698 562 1785 arripitur,
583 1706 618 1765 et
636 1699 815 1765 exordium
834 1699 1045 1786 principium
1065 1696 1241 1764 orationis.
1270 1680 1273 1685 ⁵

332 1822 415 1888 XX.
440 1824 552 1890 Rotae
572 1847 692 1891 ourrus
711 1824 829 1891 faciles
849 1832 883 1890 et
902 1825 1146 1911 obsequentem
1171 1830 1206 1889 et
1230 1822 1322 1888 cervi
1342 1822 1385 1888 ad

246 1946 428 2014 minimum
448 1958 570 2017 nutum
591 1951 880 2038 obtemperantes,
898 1949 1090 2038 potentiam
1104 1971 1173 2015 non
1191 1970 1385 2035 repugnan-

242 2082 312 2138 tem
329 2073 425 2140 aliud
441 2097 550 2162 genus
564 2076 730 2163 principii
743 2077 925 2163 designare
939 2083 1076 2157 notant,
1097 2072 1385 2160 quemadmodum

242 2200 455 2288 principium
477 2203 481 2290 Ι
502 2202 785 2269 statuificetionis
804 2202 950 2268 dicimus
969 2201 1006 2266 in
1029 2199 1145 2287 lapide
1164 2207 1199 2265 et
1217 2221 1385 2287 negamus
1413 2204 1531 2268 129v

181 2331 221 2395 15
245 2326 282 2392 in
301 2328 443 2414 pulvere
462 2328 517 2393 vel
537 2351 636 2414 aqua.

332 2451 434 2517 XXI.
460 2453 593 2540 Puppis
618 2476 750 2537 currus,
774 2453 811 2519 in
837 2476 903 2538 qua
927 2452 1098 2520 Saturnus
1122 2450 1261 2534 residet,
1286 2456 1386 2516 notat

243 2578 396 2665 primum
426 2578 476 2643 rei
509 2577 683 2660 effectum,
715 2601 775 2644 seu
804 2578 896 2664 quod
924 2578 1035 2665 primo
1059 2577 1096 2642 in
1124 2600 1160 2642 re
1184 2586 1385 2664 generatur,

242 2704 409 2791 principii
438 2727 574 2790 quoque
604 2727 728 2770 nomen
763 2704 966 2787 adsciscere;
996 2707 1095 2770 iuxta
1124 2727 1228 2791 quam
1256 2703 1387 2791 signifi-

243 2831 414 2896 cationem
444 2853 502 2896 cor
532 2831 661 2897 dicitur
688 2832 898 2919 principium
928 2831 1088 2898 animalis
1112 2855 1171 2898 seu
1196 2832 1386 2914 cerebrum,

177 2969 221 3031 20
246 2958 327 3043 quia
364 2959 476 3046 primo
515 2966 726 3044 generantur
765 2959 866 3044 haee,
906 2958 1134 3025 fundamenta
1174 2958 1386 3045 principium

244 3085 375 3151 domus.

333 3214 454 3279 XXII.
480 3214 634 3280 Noctua-o
653 3221 688 3279 et
707 3214 860 3281 bubones
884 3222 966 3280 ante
989 3236 1127 3281 currum
1147 3213 1335 3279 volitantes
1351 3220 1386 3279 et

241 3342 745 3429 praecurrentes,principium
770 3342 984 3428 significant,
1016 3342 1107 3427 quod
1128 3342 1295 3429 supponit
1323 3364 1385 3428 pro

243 3469 431 3557 praeludiis
451 3475 586 3554 elprae
610 3475 644 3532 et
669 3468 922 3555 antesignani&
940 3468 1030 3535 unde
1053 3468 1245 3534 diluculum
1269 3476 1304 3531 ot
1328 3491 1385 3533 au-

176 3602 220 3665 ‘25
243 3618 321 3661 rors
344 3595 517 3683 principia
546 3595 614 3659 diei
643 3594 712 3659 diei
741 3604 1003 3679 consueverunt,
1040 3605 1074 3661 st
1107 3597 1287 3683 praeludia
1314 3621 1386 3663 mu·

241 3723 390 3788 sioorum
408 3721 581 3808 principia
601 3721 755 3785 musices.

331 3847 470 3912 XXIII.
496 3847 561 3912 Via
582 3853 662 3911 ento
687 3868 824 3912 currum
848 3855 957 3911 strata
981 3848 1191 3935 principium
1211 3848 1386 3933 signifieat

243 3975 336 4060 quod
354 3974 533 4039 materiam
553 3973 721 4060 disponit,
738 3997 796 4038 seu
811 3972 1066 4059 dispositivum,
1087 3974 1387 4061 praeparat-iurum

334 4241 445 4290 olims.
463 4238 536 4288 Item
560 4244 588 4288 et
609 4238 641 4287 M
702 4238 717 4287 Β
732 4240 810 4301 forro
830 4238 1002 4302 (significat)
1025 4237 1197 4303 principium
1261 4238 1389 4288 ‘oreatus

241 4320 417 4386 principium
439 4320 547 4369 dicitur
566 4318 598 4368 Μ
673 4320 701 4369 14
718 4318 954 4368 statuificationis
978 4319 1015 4367 A:
1043 4323 1102 4368 stat
1127 4318 1338 4384 purificationis
1359 4319 1389 4369 M

244 4404 274 4452 Io'
288 4401 402 4451 Primus
416 4400 500 4450 effect
513 4400 631 4449 cancella
643 4397 755 4448 innovari
771 4417 788 4447 a
806 4398 914 4464 Puppis
931 4399 953 4447 Α
1019 4415 1076 4465 qua
1089 4398 1119 4448 Μ
1127 4415 1133 4447 :
1149 4414 1207 4461 gna
1224 4399 1249 4462 (2²
1260 4399 1390 4449 caucula-

245 4490 270 4533 to
281 4482 305 4547 ?)
321 4481 343 4530 A
408 4482 440 4532 ‘23
456 4485 588 4547 pourotes
601 4480 624 4530 A
689 4473 812 4543 sige—td:
828 4479 973 4545 signifieat
986 4479 1018 4530 Μ
1078 4480 1110 4530 25
1126 4479 1182 4530 diei
1197 4480 1255 4530 disi
1266 4480 1322 4532 dici
1334 4482 1369 4531 Al
