3488 5108
478 344 537 405 642

480 531 598 589 omnes,
618 533 672 592 per
690 513 794 592 plures
812 521 843 573 et
864 532 920 589 per
941 510 1081 587 singulos
1103 529 1213 570 seusus
1231 509 1392 587 vincimur,
1411 518 1443 571 et
1462 505 1638 585 aliquando

479 644 571 686 sensu
587 623 823 684 indeterminato
843 623 848 703 Ι
867 631 898 683 et
914 640 974 680 non
994 620 1070 682 satis
1087 628 1170 680 noto.

559 733 650 792 Plato
670 732 756 808 ponit
771 731 831 790 tria
848 728 991 791 vehicula
1006 729 1138 789 vinculi:
1153 728 1265 805 visum,
1282 728 1417 790 anditum
1433 737 1467 789 et
1484 734 1636 789 mentem.

479 839 586 899 Vincit
612 839 692 900 enim
719 839 821 915 gratia
849 856 903 914 per
930 854 1050 910 vocem,
1082 834 1180 894 forma
1198 834 1204 912 Ι
1222 853 1278 912 per
1304 835 1416 912 visum,
1445 853 1553 895 mores
1578 853 1637 912 per

437 949 457 1011 5
482 958 623 1008 mentem.

561 1051 656 1114 Plura
673 1054 847 1115 vinciuntur
865 1051 979 1115 affectu
996 1070 1051 1129 per
1072 1051 1149 1111 haec
1161 1049 1234 1126 tria,
1253 1069 1331 1126 quae
1345 1051 1426 1111 vinci
1441 1069 1637 1126 cousequen-

481 1173 529 1223 ter
547 1161 673 1241 cupiunt
689 1170 771 1238 actu,
795 1180 850 1238 per
872 1168 986 1219 tactum
1013 1158 1045 1217 iu
1071 1177 1203 1235 genere;
1222 1158 1227 1238 Ι
1246 1157 1325 1217 unde
1344 1157 1466 1218 visibile
1487 1177 1552 1218 uon
1570 1157 1637 1221 vin·

480 1269 523 1330 eit
540 1268 673 1345 oculum,
693 1268 749 1329 sed
765 1287 820 1347 per
839 1267 957 1328 oculum
976 1266 1083 1337 vincit,
1100 1284 1156 1343 per
1174 1284 1276 1326 aurem
1294 1265 1388 1327 vincit
1403 1265 1557 1343 audibile,
1576 1286 1637 1344 per

484 1385 616 1439 mentem
633 1375 722 1436 ratio.

416 1484 458 1548 10
562 1485 701 1558 Quatuor
726 1492 827 1545 motus
849 1491 920 1544 sunt
941 1482 1116 1558 vinciendo,
1138 1483 1236 1561 primo
1258 1482 1380 1544 iniectio
1402 1502 1458 1545 seu
1478 1482 1635 1556 invectio,

482 1590 617 1653 secundo
635 1590 742 1667 ligatio
765 1609 820 1649 seu
836 1589 1004 1665 vinculum,
1028 1588 1120 1649 tertio
1143 1589 1298 1661 attractio,
1322 1598 1429 1666 quarto
1447 1591 1608 1671 copulatio
1629 1593 1634 1671 Ι

481 1718 558 1776 quae
577 1696 683 1757 fruitio
701 1696 821 1756 dicitur.
849 1696 890 1755 Et
910 1696 986 1755 haec
1008 1697 1039 1756 ni
1061 1695 1115 1755 fiat
1137 1715 1192 1775 per
1210 1715 1314 1757 omnes
1336 1717 1458 1775 seusus,
1477 1719 1535 1778 per
1552 1719 1634 1776 quos

481 1807 633 1866 vinculum
653 1814 774 1865 vectum
792 1810 854 1880 est,
873 1823 932 1862 non
951 1804 1010 1864 erit
1028 1805 1032 1883 Ι
1051 1804 1199 1881 perfecta.
1216 1803 1293 1864 Ideo
1310 1824 1416 1865 amaus
1432 1812 1516 1869 totus
1532 1805 1634 1867 vellet

481 1913 614 1991 migrare
630 1913 661 1971 in
679 1919 825 1987 amatum,
845 1909 962 1987 lingua,
982 1930 1046 1987 ore,
1067 1910 1163 1971 oculis
1181 1918 1237 1973 etc.
1454 1906 1456 1911 ’

417 2027 458 2092 15
562 2017 688 2096 Triplex
711 2037 796 2077 amor
822 2017 995 2096 triplexque
1023 2029 1130 2094 raptus
1152 2017 1330 2077 Platonicis.
1359 2017 1455 2096 Rapit
1480 2019 1564 2079 enim
1591 2018 1635 2078 ad
1662 2024 1719 2088 Β*

483 2128 577 2189 vitam
596 2134 649 2186 aut
666 2123 954 2207 contemplaltivom
977 2131 1030 2184 aut
1047 2125 1179 2184 activam
1201 2145 1256 2185 seu
1274 2125 1419 2185 moralem
1440 2133 1472 2186 et
1490 2127 1638 2206 volupta·

482 2238 568 2296 riam.
588 2235 693 2294 Prima
711 2242 759 2294 est
776 2255 793 2294 a
811 2234 928 2294 formae
948 2233 1117 2310 corporalis
1135 2243 1261 2312 aspectu
1280 2234 1318 2297 ad
1334 2235 1635 2316 consideffrationem

483 2342 632 2421 spiritalis
660 2352 692 2401 et
718 2340 840 2401 divinae
859 2350 974 2417 crecta,
994 2339 1128 2400 secunda
1154 2341 1185 2398 in
1213 2341 1280 2402 sola
1306 2342 1433 2403 videndi
1454 2352 1486 2406 et
1503 2364 1636 2405 conver-

486 2450 574 2511 sandi
591 2448 796 2510 oblectatione
814 2448 1024 2528 persolverat,
1043 2449 1135 2509 tertia
1163 2468 1180 2507 a
1199 2448 1266 2509 visu
1294 2449 1333 2509 ad
1361 2460 1462 2513 tactus
1490 2451 1640 2533 concupi-

418 2554 462 2618 20
484 2557 631 2618 scentiam
649 2555 818 2615 descendit.
833 2553 895 2613 Por
910 2555 1038 2632 primam
1052 2554 1219 2632 ingeniosi,
1239 2575 1294 2634 per
1312 2557 1317 2636 Ι
1336 2557 1474 2618 ultimam
1490 2557 1637 2636 hebetes,

485 2684 541 2745 per
556 2664 687 2725 mediam
705 2665 805 2725 medii.
822 2664 958 2724 Primum
973 2664 1126 2725 vinculum
1143 2664 1256 2724 dicitur
1272 2686 1357 2726 amor
1372 2665 1506 2742 divinus,
1526 2686 1640 2727 secun-

486 2770 556 2832 dum
580 2771 758 2851 humulnus,
777 2770 902 2833 tertium
923 2770 1047 2831 ferinus.
1070 2770 1248 2848 Tripliciter
1266 2770 1421 2831 illectant:
1443 2771 1641 2835 intellectua-

486 2879 570 2957 liter,
589 2880 773 2953 unimaliter,
794 2898 953 2956 corporee:
973 2878 1102 2957 primum
1121 2885 1169 2939 est
1187 2878 1192 2958 Ι
1210 2878 1282 2937 boni
1301 2879 1448 2956 splendor
1464 2880 1532 2962 Ι-)

565 2984 728 3043 Vinculum
745 2985 853 3042 nonin
872 2985 953 3043 omni
972 2983 1123 3044 vinciente
1141 2982 1280 3059 aequale,
1299 3004 1398 3061 neque
1419 2986 1549 3047 inomni
1569 2989 1639 3048 vin-

419 3098 462 3159 25
486 3101 534 3152 cto
553 3091 643 3151 idem.

566 3200 730 3260 Vinculum
751 3200 809 3258 hoc
830 3201 900 3275 quia
923 3200 960 3257 ad
989 3219 1138 3259 summum
1159 3200 1270 3259 bonum
1293 3201 1405 3273 visum,
1430 3203 1569 3264 auditum
1591 3214 1640 3265 at·

485 3325 544 3381 que
563 3313 695 3365 mentem
715 3309 718 3381 Ι
739 3307 903 3380 convertit,
923 3306 993 3364 hinc
1012 3307 1106 3366 veluti
1126 3307 1257 3368 circulus
1273 3309 1395 3386 quidam
1414 3307 1535 3369 divinae
1555 3311 1639 3372 lucis

487 3420 535 3471 est
553 3433 570 3470 a
586 3413 665 3471 bono
684 3432 822 3487 manans,
844 3418 847 3487 Ι
866 3412 991 3472 inbono
1014 3413 1166 3490 residenS,
1189 3435 1245 3493 per
1266 3417 1377 3476 bonum
1400 3438 1433 3476 se
1454 3416 1640 3479 diffundens

488 3530 518 3579 et
536 3522 574 3581 nd
593 3524 703 3580 bonum
724 3522 909 3599 sempiterne
928 3522 1072 3599 refluenS,
1093 3527 1097 3602 Ι
1117 3533 1224 3600 estque
1242 3525 1328 3585 velut
1344 3546 1436 3586 unum
1452 3546 1554 3586 rerum
1575 3547 1642 3588 om-

422 3631 465 3693 30
487 3628 570 3687 nium
587 3628 768 3707 principium
788 3630 837 3689 vel
856 3631 1072 3708 principiorum
1092 3632 1194 3709 potius
1212 3633 1370 3695 unitivum.

567 3738 649 3798 Hinc
671 3740 767 3816 primo
790 3759 875 3798 mens
902 3740 1065 3800 decoratur
1095 3741 1231 3801 idearum
1264 3742 1383 3819 ordine,
1411 3742 1543 3803 secundo
1574 3744 1641 3805 ani·

489 3864 556 3903 mus
584 3845 734 3905 rationum
757 3847 837 3906 serie
863 3848 1093 3923 numerosisque
1122 3849 1125 3927 Ι
1155 3849 1358 3924 discursibus,
1387 3850 1478 3909 tertio
1505 3859 1640 3911 naturas

498 4008 943 4017 —————-—-.—-——-—————-
951 4012 1077 4018 ——-..
1088 4013 1209 4019 *-

578 4097 689 4148 6vinei
706 4097 759 4148 Br:
781 4098 799 4146 l.
819 4097 922 4148 vinciri
987 4100 1016 4150 10
1034 4099 1237 4160 Quatlesunt
1253 4115 1325 4150 corr.
1346 4101 1388 4151 Br
1452 4101 1538 4153 15.20
1562 4103 1637 4166 Opp.

489 4174 654 4240 uulpem),
669 4179 747 4226 13-19
796 4179 826 4228 16
839 4182 1024 4229 activamseu
1038 4180 1490 4231 moralemclrioll'inlerlinooBr
1530 4182 1641 4234 Quer-

490 4258 570 4318 tium]
589 4259 613 4307 3⁵
631 4258 673 4305 Br
736 4259 762 4306 3Γ
781 4258 890 4309 illectat
910 4257 950 4307 Br
1015 4259 1046 4311 23
1065 4262 1103 4325 p¹¹¹
1127 4265 1171 4311 est
1185 4265 1189 4322 Ι
1205 4262 1363 4322 (vinculum
1387 4260 1541 4325 cancellato)
1565 4264 1639 4315 boni

489 4337 624 4404 splendor
638 4339 681 4388 Br
744 4339 772 4388 31
792 4356 872 4391 mcns
887 4356 958 4391 corr.
972 4341 1028 4391 Br:
1045 4347 1168 4391 mentem
1184 4343 1249 4405 Bm,
1264 4360 1306 4392 nra
1325 4340 1352 4390 iu
1370 4341 1468 4405 occuito
1485 4359 1563 4392 scum
1577 4360 1640 4394 cor-

489 4420 591 4469 rczroui
606 4427 723 4471 naturas
737 4414 810 4487 (υἷε)
827 4423 1000 4472 emateriam
1016 4414 1125 4486 (m'uink
1143 4424 1177 4488 cf.
1190 4440 1219 4486 p.
1234 4424 1294 4483 639,
1307 4424 1342 4471 30
1354 4439 1407 4486 sqq.
