3488 5108
304 407 363 467 532
745 420 886 467 roncum
909 419 1013 465 savin

303 578 362 645 sed
380 579 424 645 ad
443 578 727 666 compositionem
745 602 804 644 seu
823 600 962 655 nexum¹
973 576 1156 669 adiicimus
1175 597 1313 661 aquam,
1333 573 1379 640 ad
1398 572 1450 638 vi-

302 703 548 788 vificationem,
561 703 814 769 ordinationem
831 711 865 769 et
880 703 1036 789 regimen
1053 700 1255 767 adducimus
1270 699 1450 787 spiritum;

304 827 348 895 ad
377 851 532 912 sensum,
564 836 709 911 motum,
743 834 920 910 ornatum,
952 826 1195 913 digestionem,
1230 845 1382 891 amorem
1415 829 1453 888 et

303 953 402 1019 litem
435 954 637 1021 adducimus
665 954 778 1019 lucem
808 975 868 1019 seu
898 951 1015 1038 ignem
1044 952 1197 1039 primum
1228 951 1453 1016 elementum.

259 1073 281 1137 5
303 1079 376 1144 Nec
394 1086 576 1166 propterea
595 1078 741 1145 aliorum
761 1077 933 1144 sentiendi
950 1076 1091 1143 modum
1110 1077 1152 1142 de
1178 1075 1361 1163 principiis
1385 1075 1452 1140 im·

304 1206 509 1291 probamus,
530 1205 604 1291 qui,
634 1211 674 1270 ut
701 1226 809 1271 unum
837 1203 978 1269 tandem
1006 1203 1215 1268 elementum
1237 1199 1387 1283 faciant,
1416 1204 1454 1264 et

306 1329 467 1416 spiritum
483 1336 518 1394 et
534 1350 659 1415 aquam
676 1336 710 1395 et
725 1330 838 1395 lucem
857 1328 901 1393 ad
917 1335 1049 1393 atomos
1067 1326 1242 1408 referimt;
1261 1324 1455 1391 secundum

306 1476 407 1539 quem
426 1454 567 1520 modum
583 1455 675 1521 inter
693 1463 826 1521 atomos
846 1462 880 1519 et
895 1453 1028 1520 aridam
1047 1460 1136 1520 esset
1155 1450 1454 1537 distinguendum.

305 1580 618 1647 Praetermittimus
638 1588 753 1647 autem
776 1580 875 1646 illum
902 1578 1170 1667 philosophandi
1193 1577 1347 1662 modum,
1374 1582 1452 1642 tan·

241 1710 284 1774 10
306 1726 408 1789 quam
444 1707 554 1791 magis
589 1706 899 1793 contemplativum
933 1712 969 1772 et
1003 1705 1146 1770 minime
1175 1704 1343 1792 activum3
1375 1724 1456 1768 earn

307 1830 435 1918 quippe
451 1831 708 1911 resolutionem,
723 1831 805 1897 licet
818 1831 947 1897 rationi
964 1837 1230 1896 consentaneam
1249 1829 1375 1914 magis,
1392 1828 1457 1894 mi·

307 1977 372 2021 nus
401 1963 516 2022 autem
539 1964 683 2023 naturae
708 1966 743 2024 et
766 1957 865 2044 praxi
890 1955 1145 2022 accommodam
1173 1954 1405 2040 inlven'imus‚
1431 1975 1455 2019 a
1480 1956 1582 2019 45⁷

307 2103 409 2147 sensu
429 2104 565 2168 quoque
584 2083 683 2149 valde
703 2092 879 2149 remotam.
900 2081 1045 2147 Aridum
1066 2102 1147 2166 ergo
1171 2087 1206 2146 et
1225 2087 1372 2164 atomos,
1393 2102 1456 2145 seu

308 2212 438 2272 terram
457 2208 678 2293 elementum,
695 2230 771 2273 eam
795 2207 1028 2275 substantiam
1056 2205 1300 2291 intelligimus,
1325 2227 1414 2290 quoe
1433 2227 1456 2270 a

245 2342 284 2405 15
309 2332 509 2419 compositis
528 2341 687 2420 separato
705 2333 847 2421 spiritu,
866 2355 994 2421 vapore
1013 2341 1048 2398 et
1070 2331 1212 2398 humido
1232 2329 1400 2415 subsidet,
1420 2337 1458 2396 et

308 2457 363 2522 vel
382 2457 504 2523 ultimo
523 2459 708 2525 resolvitur
734 2481 804 2525 non
833 2468 1000 2542 tanquam
1024 2458 1061 2522 in
1091 2457 1321 2524 substantiam
1347 2456 1458 2523 conti-

307 2603 428 2666 nuam,
455 2583 545 2648 sicut
574 2585 709 2669 humor,
740 2606 861 2672 vapor,
881 2584 1039 2670 spiritus,
1064 2584 1138 2666 lux,
1166 2582 1225 2648 sed
1256 2581 1458 2667 discretam;

307 2707 612 2795 proportionaliter
632 2732 667 2775 se
686 2709 816 2776 habens
840 2710 883 2774 ad
902 2709 971 2775 alia
995 2709 1181 2792 elementa,
1204 2709 1293 2773 sicut
1312 2705 1401 2772 cinis
1420 2715 1458 2773 et

309 2833 424 2919 pulvis
439 2832 483 2898 ad
497 2855 622 2918 aquam
641 2842 675 2899 et
693 2835 844 2918 fumum,
867 2858 936 2899 non
955 2840 1070 2899 autem
1089 2832 1205 2919 pulvis
1225 2839 1277 2897 est
1296 2839 1330 2896 et
1350 2830 1456 2915 ciniS,

242 2976 286 3037 20
310 2960 390 3044 quia
406 2959 466 3025 isti
486 2961 643 3025 sensibus
660 2960 852 3026 offeruntur
868 2967 1009 3046 propter
1025 2960 1178 3045 partium
1196 2957 1400 3045 hypostasin
1420 2966 1458 3021 et

310 3086 584 3169 consistentiam,
605 3110 624 3151 a
644 3087 769 3171 quibus
789 3086 865 3150 ideo
887 3086 1027 3151 omnino
1047 3084 1227 3150 humidum
1246 3107 1316 3151 non
1337 3092 1388 3148 est
1407 3106 1461 3148 se-

309 3218 478 3296 paratum.
499 3211 611 3298 Magis
628 3211 721 3276 eninr
736 3210 779 3276 ad
794 3218 987 3276 atomorum
1007 3209 1272 3275 similitudinem
1288 3207 1460 3275 accedunt

311 3337 511 3423 corpuscula
531 3338 599 3419 illa,
621 3360 708 3422 (puae
725 3362 793 3403 non
809 3338 989 3404 subsident
1002 3346 1037 3402 et
1049 3337 1243 3402 consistunt
1256 3359 1315 3403 seu
1332 3337 1459 3420 iacent,

311 3463 370 3528 sed
383 3463 421 3528 in
439 3463 545 3528 radiis
559 3464 729 3530 solaribus
742 3487 803 3550 per
816 3464 986 3529 foramina
999 3464 1162 3528 immissis
1180 3463 1458 3550 conspiciuntur,

244 3597 287 3660 25
310 3589 514 3675 praesertim
533 3597 610 3654 aere
631 3589 840 3673 quiescente,
858 3612 946 3674 (puae
962 3589 1098 3675 aequali
1114 3589 1217 3676 pulsu
1236 3611 1370 3654 sursum
1388 3611 1461 3654 mo-

312 3724 437 3781 ventur
456 3723 490 3780 et
509 3715 667 3782 deorsum
690 3723 724 3780 et
747 3715 790 3781 ad
810 3738 927 3781 omnes
954 3716 1080 3780 locales
1108 3714 1335 3796 differentias,
1352 3715 1459 3801 idque

312 3843 408 3908 velut
430 3866 450 3907 a
468 3841 640 3929 principio
670 3843 859 3908 intrinseco
879 3841 1083 3924 admittunt,
1104 3840 1384 3925 quandoquidem
1407 3843 1460 3906 in-

313 3974 365 4033 ter
384 3968 493 4034 millia
512 3968 572 4033 vix
589 3967 724 4033 videbis
739 3990 847 4033 unum
864 3974 898 4032 et
914 3968 1062 4032 alterum
1079 3966 1197 4031 eodem
1214 3967 1347 4054 impetu
1364 3966 1458 4051 ferri,

312 4115 356 4158 ne
372 4093 481 4179 possis
501 4094 635 4158 credere
655 4093 746 4178 quod
766 4116 785 4158 a
805 4092 1036 4157 continuitate
1061 4093 1149 4157 a‘e'ris
1178 4093 1340 4158 commoti
1370 4092 1461 4157 defe-

246 4220 291 4284 30
312 4228 443 4286 rantur.
465 4221 637 4306 Quicquid
657 4228 772 4286 tamen
792 4220 911 4303 idest,
932 4221 995 4285 hoc
1016 4230 1153 4285 tantum
1185 4220 1222 4285 in
1246 4219 1461 4306 praesentia·

836 4393 865 4399 —
1179 4394 1213 4399 -...
1232 4394 1235 4398 .
1254 4393 1456 4402 —---——-—-.

385 4481 401 4527 6
417 4481 530 4531 tandem
545 4473 640 4542 M‘’:f.
656 4487 769 4533 tantum
783 4481 814 4531 M
822 4482 834 4528 t
899 4483 929 4531 12
945 4489 1051 4541 autern]
1061 4483 1088 4546 s.
1105 4489 1203 4532 tumen
