3488 5108
620 432 664 476 aa
684 432 789 476 ninom
811 432 1058 476 nramnma'mca.
1352 418 1412 476 497

351 590 425 649 XII.
449 589 502 649 De
526 589 643 649 anima
669 588 790 648 muudi
812 597 848 648 et
869 588 1128 649 mundanorum
1151 589 1251 650 iuxta
1272 589 1413 669 prisco-

269 716 343 756 rum
366 696 525 773 magiam.
552 697 676 755 Caelum
705 704 736 755 et
763 696 907 756 mundum
934 717 1003 758 esse
1025 697 1204 774 animatum,
1227 698 1352 776 insuper
1380 707 1412 759 et

269 804 414 865 caelestia
431 825 507 882 quae
526 803 668 864 videntur
686 825 826 882 corpora,
845 805 1045 865 nobilissimis
1064 807 1164 884 poetis
1178 814 1210 865 et
1224 805 1412 883 sapientissi-

268 913 327 971 mis
344 911 536 990 philosophis
550 921 597 971 est
614 932 802 989 concessum,
821 920 852 970 et
866 911 947 987 quod
963 912 1069 972 unicus
1086 912 1213 991 spiritus
1228 912 1410 973 universalis

221 1018 242 1080 l)
267 1031 315 1081 est
333 1021 493 1082 universae
511 1020 668 1080 machinae
685 1020 810 1096 insitus,
828 1039 888 1078 una
908 1039 995 1080 mens
1012 1019 1113 1080 infusa
1131 1040 1187 1098 per
1207 1020 1304 1097 ipsius
1325 1029 1410 1078 artus

266 1128 440 1188 universam
467 1128 575 1187 molem
598 1128 750 1206 exagitat,
772 1136 807 1187 ut
827 1126 902 1187 dicit
923 1127 1128 1206 Pythagoras.
1152 1126 1183 1184 Si
1202 1126 1314 1204 quippe
1335 1125 1410 1184 haec

264 1234 411 1295 inferiora
427 1236 522 1294 mixta
539 1245 572 1294 et
592 1237 733 1314 piartielia
750 1236 878 1294 animam
898 1235 1013 1294 habent
1034 1241 1124 1310 atque
1147 1235 1256 1310 vitam,
1277 1253 1329 1292 cur
1351 1253 1410 1291 non

264 1344 364 1422 ipsum
392 1342 582 1418 universum,
605 1362 622 1401 a
643 1362 702 1418 qno
723 1342 784 1402 ista
805 1357 949 1418 tanquam
971 1340 1039 1402 f....
1062 1341 1214 1419 quoddam
1240 1341 1409 1420 producun-

264 1458 327 1521 tur,
347 1470 457 1528 corpus
475 1450 606 1509 nobilius
624 1457 656 1509 et
672 1450 771 1524 magis
792 1449 973 1528 principale,
992 1470 1081 1526 quam
1100 1449 1141 1509 sit
1156 1449 1276 1526 planta,
1299 1448 1409 1507 arbor?

203 1551 243 1613 10
266 1558 328 1617 Our
344 1557 423 1618 euim
438 1566 552 1617 terram
570 1566 602 1618 et
619 1578 727 1634 aquarn
743 1578 889 1634 negemus
908 1558 1024 1633 vivere,
1044 1576 1121 1633 quae
1139 1576 1176 1616 ex
1190 1575 1224 1615 se
1241 1556 1411 1615 innumera-

264 1663 342 1724 biles
360 1664 482 1742 plantas
510 1673 541 1723 et
568 1663 739 1724 animantes
761 1673 922 1742 generant,
951 1663 1121 1737 vivificant,
1146 1662 1284 1721 nutriunt
1306 1671 1337 1721 et
1357 1680 1408 1720 aa·

263 1774 360 1848 gent?
378 1772 537 1846 Quomodo
556 1793 573 1831 a
594 1793 653 1832 uon
675 1772 852 1833 viventibus
874 1773 957 1832 vita?
985 1771 1143 1846 Quomodo
1173 1771 1322 1849 producet
1349 1770 1410 1830 aui·

264 1900 342 1939 mam
360 1881 515 1939 viventem
533 1900 593 1939 non
608 1879 737 1939 vivens?
752 1881 793 1937 Et
810 1879 885 1938 dicit
902 1879 1134 1957 Theophrastus
1149 1899 1208 1938 uon
1224 1877 1408 1938 censendum

263 2007 332 2047 esse
347 1986 576 2066 philosophum,
596 1988 646 2063 qni
665 1987 783 2046 dubitet
800 1986 946 2047 caelestia
961 2007 1089 2064 corpora
1108 1986 1212 2047 vivere
1230 1995 1261 2047 et
1276 1985 1410 2046 animata

198 2090 239 2154 lo
263 2114 345 2172 esse,
363 2093 497 2153 arrimata
514 2093 634 2169 inquam
654 2094 752 2153 anima
770 2093 925 2170 rationali,
954 2106 988 2152 ut
1014 2092 1053 2152 ad
1071 2100 1252 2172 perpetuum
1271 2093 1407 2155 ordinem

261 2204 342 2261 inter
359 2222 392 2263 se
410 2203 586 2280 conspirent
605 2202 757 2278 certisque
775 2202 945 2261 rationibus
966 2221 1059 2281 opera
1087 2221 1143 2261 sua
1164 2202 1343 2280 producant.
1363 2201 1410 2262 Sit

261 2328 335 2385 ergo
352 2309 481 2368 interra
504 2309 582 2368 ratio
600 2317 803 2386 terrenorum,
822 2308 851 2368 in
874 2309 945 2367 luna
964 2309 968 2388 l
988 2309 1149 2387 lunarium,
1178 2309 1209 2368 in
1237 2311 1303 2369 sole
1330 2311 1406 2370 sola·
1431 2306 1519 2369 ‘?3r

261 2417 354 2493 rium,
373 2425 405 2476 et
422 2416 499 2475 hane
516 2415 647 2476 animam
665 2435 724 2475 non
748 2417 858 2477 abiecti
881 2417 1017 2495 corporis
1043 2418 1162 2477 animae
1188 2417 1331 2496 similem,
1352 2419 1408 2479 sed

261 2522 483 2598 intelligentem
511 2543 580 2582 esse
609 2530 640 2583 et
667 2544 733 2582 cum
763 2544 890 2602 corpore
915 2544 970 2584 sno
991 2543 1083 2583 unum
1111 2544 1148 2583 ex
1175 2524 1244 2584 Diis
1270 2525 1406 2600 el'fioere,

196 2629 239 2692 20
262 2649 339 2707 qnae
357 2629 451 2689 multo
470 2631 612 2691 meliores
630 2631 743 2691 habeat
763 2638 885 2691 actuum
911 2651 1034 2693 suorum
1061 2628 1209 2706 rationes,
1237 2652 1326 2708 quam
1351 2652 1408 2692 nos

260 2747 434 2797 nostrorum
452 2759 629 2817 corporum;
649 2747 680 2798 ot
697 2739 840 2800 convenit
857 2748 891 2800 ut
906 2740 1073 2819 perfectius
1096 2760 1207 2818 corpus
1230 2738 1406 2819 perfectiori

261 2845 359 2904 anima
378 2843 569 2906 informetur.
585 2847 666 2906 Hinc
684 2855 785 2908 motus
802 2847 854 2906 ille
874 2847 1132 2926 perfectissimus,
1150 2847 1407 2925 regulatissimus,

262 2952 519 3031 ordinatissimus,
543 2973 603 3014 nou
625 2975 722 3032 vagus
748 2975 784 3014 ae
810 2955 944 3016 vicissim
973 2973 1159 3034 pervagans,
1190 2954 1405 3014 electissimam

262 3068 369 3119 tenens
396 3062 475 3120 viam
504 3062 542 3120 ad
571 3063 716 3139 optimum
745 3064 849 3138 linem,
869 3062 919 3122 ubi
949 3082 1034 3124 mens
1056 3062 1195 3142 perlecta
1223 3084 1282 3122 non
1307 3061 1406 3121 variat

195 3172 237 3233 ἓξ)
261 3167 465 3228 consiliumet
483 3189 548 3227 oum
569 3170 747 3247 corporibus
765 3169 833 3230 aliis
852 3168 964 3254 vel(ut)
980 3192 1068 3233 uuum
1084 3169 1321 3230 monochordum
1339 3191 1405 3229 con·

261 3274 361 3334 stituit
378 3284 408 3334 et
427 3275 630 3336 universalem
647 3276 834 3336 harmoniam
850 3298 905 3355 per
919 3277 1073 3356 Apollinis
1088 3277 1185 3354 lyram
1201 3277 1402 3337 decantatam.

341 3381 471 3442 Nomina
499 3402 570 3442 vero
599 3404 675 3458 quse
702 3384 820 3460 fingunt
857 3386 1035 3445 caelestium
1066 3385 1246 3460 animarum,
1277 3404 1401 3459 quarum

261 3488 338 3548 aliae
360 3500 432 3550 sunt
453 3498 685 3568 cognoscentes,
709 3493 788 3552 aliae
810 3492 1014 3567 vivificantes,
1033 3500 1104 3551 sunt
1125 3488 1297 3552 huiusmodi
1319 3489 1404 3549 iuxta

262 3598 427 3676 Orphicum
449 3608 480 3659 et
501 3600 669 3677 priscorum
691 3600 1038 3678 tlaeologia1n;nudein
1061 3621 1139 3660 nona
1157 3599 1288 3677 sphaera
1306 3599 1404 3658 virtus

194 3709 238 3771 30
261 3706 471 3782 cognoscitiva
492 3715 540 3767 est
560 3706 701 3768 Bacchus
725 3708 918 3784 Cribronius,
945 3707 1161 3768 vivificationis
1183 3708 1272 3767 llIusa
1294 3706 1405 3765 Callio-

755 3834 777 3839 ...
788 3833 903 3839 -....-.
912 3834 931 3838 ...
980 3834 993 3838 ..
1010 3833 1045 3839 .-.
1167 3834 1170 3838 .
1189 3834 1349 3839 ..--.-.-..-
1360 3824 1402 3839 A..

355 3883 377 3930 1.
387 3881 420 3930 26
435 3880 470 3944 cs.
483 3877 611 3945 Agrippa
622 3898 650 3945 p.
662 3882 751 3930 see-e
813 3882 837 3931 5.
848 3882 864 3932 6
880 3882 915 3945 ef.
925 3899 1009 3946 sopra
1020 3899 1050 3945 p.
1063 3882 1128 3940 434,
1146 3882 1176 3931 18
1187 3897 1224 3944 sq.
1289 3883 1306 3932 8
1318 3882 1404 3933 foetis

421 3960 433 3985 0

260 4013 275 4044 o
290 3995 382 4046 foetas
396 3997 519 4061 quddam
531 3997 563 4047 M
571 3996 702 4061 (lusores
713 3997 790 4047 foeto
804 3999 844 4061 (=
852 3995 979 4063 gravido)
996 3996 1142 4061 quodem?
1205 3999 1233 4045 11
1251 3999 1404 4048 soluentes

260 4083 417 4139 generante
428 4078 459 4127 M
505 4079 534 4127 13
553 4076 619 4128 Pico
631 4078 703 4127 dello
716 4075 877 4129 Miramlola
888 4079 992 4141 (Opera
1002 4075 1102 4137 omnio,
1120 4076 1203 4127 l'enet.
1217 4079 1289 4135 1557,
1297 4096 1328 4142 p.
1340 4080 1401 4142 252)

253 4160 307 4221 fra
328 4159 350 4207 le
370 4159 571 4209 't'onclnaionea
593 4159 733 4209 secondom
755 4158 980 4223 Theophrastum*
999 4159 1034 4208 lia
1053 4159 1097 4209 'Sa'
1110 4159 1207 4208 coelum
1227 4156 1405 4209 innaturalem

259 4245 338 4298 esset,
353 4246 416 4289 esset
427 4256 578 4303 quocunque
589 4254 703 4303 corpore
716 4237 873 4303 ignobilius,
887 4239 956 4304 quod
969 4238 1056 4290 dicere
1074 4238 1183 4303 iaapium
1196 4245 1232 4288 rat
1246 4238 1275 4289 ia
1285 4237 1404 4304 philoso-

258 4318 351 4383 pht'cs'.
373 4320 414 4385 Ψ,
432 4321 518 4370 Zeller
535 4322 577 4379 ΙΙ,
594 4324 661 4386 2³11.
677 4323 730 4370 320
742 4316 829 4385 (οὐδὲν
845 4321 896 4388 γὰρ
912 4318 998 4385 τίμιον
1015 4314 1075 4369 ἄνευ
1092 4318 1203 4388 ψυχῆς).
1219 4321 1244 4369 Il
1255 4320 1404 4370 Bruaorlel

259 4408 329 4450 reato
343 4417 417 4467 aeguo
431 4402 514 4450 unche
531 4401 577 4464 qui
596 4400 726 4467 Agrippa
738 4418 768 4465 p.
787 4402 839 4450 295
904 4402 933 4454 19
947 4399 1046 4468 unum]
1058 4402 1158 4451 unium
1176 4400 1207 4450 M
1216 4400 1265 4464 (an
1284 4399 1401 4465 Agripp.

256 4500 284 4545 p.
304 4483 357 4531 396
375 4482 550 4546 'intelligere
568 4488 597 4531 et
615 4497 677 4533 esso
696 4483 791 4532 deam*
855 4484 887 4533 26
904 4480 1084 4533 decantatam
1095 4480 1202 4546 parole
1215 4478 1318 4531 inemo
1331 4482 1359 4532 {a
1375 4482 1406 4532 Μ

392 4578 467 4617 Bassi
484 4577 537 4626 epp.
554 4579 594 4616 lat.
611 4577 652 4617 Ill.
1217 4576 1243 4615 ⁰3
