3488 5108
839 408 884 454 os
904 409 1020 453 nacla
1441 392 1500 452 439

355 562 489 631 duobus
508 571 645 630 tantum
667 565 721 628 vel
747 563 790 630 ab
809 585 878 629 uno
909 563 1093 648 duntaxat,
1113 587 1184 631 non
1214 571 1328 630 autem
1359 563 1403 630 ab
1432 585 1501 629 uno

357 688 511 773 definite,
536 689 595 755 sed
618 688 798 775 sigillatim
828 689 1055 777 intelligendo
1083 688 1126 754 de
1153 690 1328 774 omnibuS,
1356 695 1396 755 ut
1423 710 1501 754 cum

358 814 489 880 tibicen
507 820 559 880 est
577 814 751 902 perfectus
775 820 809 880 et
834 816 1034 903 applicatio,
1054 815 1142 880 tibia
1172 838 1253 881 vero
1282 813 1412 899 deficit,
1438 790 1502 880 'aut

359 960 437 1004 cum
458 938 587 1004 tibicen
606 945 640 1004 et
664 939 768 1023 tibia,
789 941 977 1028 applicatio
997 963 1077 1006 vero
1096 939 1292 1028 impeditur.
1322 939 1393 1007 Ubi
1421 962 1502 1005 vero

315 1072 336 1136 5
359 1071 433 1130 tota
453 1064 542 1131 ratio
561 1065 764 1131 efficientiae
784 1067 943 1133 consistit
962 1067 1000 1132 in
1018 1067 1269 1154 applicatione,
1289 1073 1372 1132 tunc
1390 1066 1504 1154 prima

359 1190 449 1255 ratio
469 1189 643 1255 concurrit
664 1213 742 1257 cum
759 1192 883 1276 tertia;
908 1193 1059 1258 efficiens
1087 1192 1178 1258 enim
1207 1191 1295 1258 nihil
1328 1192 1424 1258 aliud
1453 1199 1505 1257 est

357 1315 531 1381 interdum
553 1338 656 1401 quarn
675 1316 880 1405 applicator,
901 1325 936 1384 et
955 1317 1087 1382 efficere
1106 1316 1194 1382 nihil
1213 1316 1308 1382 aliud
1329 1324 1380 1382 est
1400 1339 1505 1403 quarn

357 1442 538 1531 applicare.

445 1587 523 1639 lxxv·
540 1588 621 1638 xxvu
641 1568 720 1635 Non
739 1592 839 1636 omne
859 1576 980 1637 natum
999 1579 1050 1638 est
1072 1572 1147 1659 pati
1176 1571 1220 1637 ab
1250 1571 1361 1656 omni,
1393 1593 1505 1656 neque

293 1705 337 1768 10
359 1717 460 1781 agere
479 1695 516 1760 iu
535 1716 648 1777 omne,
673 1694 746 1778 sed,
772 1696 861 1762 sicut
880 1696 1011 1762 dictum
1031 1698 1138 1763 estin
1162 1696 1370 1783 Physicis,
1390 1696 1504 1783 passio

359 1823 471 1889 omnis
489 1831 541 1889 est
560 1847 579 1889 a
599 1824 772 1889 contrario
791 1832 825 1888 et
848 1825 938 1890 actio
963 1826 1074 1891 omnis
1104 1825 1142 1889 iu
1173 1825 1361 1909 contrario,
1393 1846 1505 1909 neque

358 1969 504 2036 semper,
525 1949 584 2014 sed
600 1949 818 2036 dispositum,
832 1949 923 2015 unde
935 1951 1117 2036 vulgatum
1137 1949 1225 2015 illud
1239 1947 1406 2014 ‘actiones
1423 1949 1506 2015 acti-

358 2099 480 2142 vorum
500 2077 537 2142 iu
556 2077 711 2164 patiente
730 2076 817 2142 bene
840 2077 1030 2164 disposito'.
1053 2078 1057 2166 Ι
1078 2077 1170 2143 Hinc
1189 2082 1287 2164 patet
1318 2076 1407 2142 ratio
1439 2099 1506 2162 qua
1531 2089 1620 2152 ’7οτ
1640 2088 1676 2151 0

361 2227 451 2292 aqua
469 2227 579 2291 aquae
599 2204 808 2271 admiscetur
831 2211 865 2270 et
888 2225 979 2290 aqua
1003 2227 1063 2291 per
1082 2227 1207 2291 aquam
1227 2208 1507 2289 contemperatur

297 2340 339 2403 15
362 2338 505 2417 propter
520 2329 784 2396 similitudinem
801 2352 860 2396 seu
873 2329 1106 2416 cognitionem
1119 2352 1180 2395 seu
1191 2328 1400 2416 symbolum,
1417 2326 1508 2393 uude

360 2462 546 2545 postquam
565 2456 657 2522 facta
677 2455 783 2522 fuerit
800 2455 897 2532 unic,
918 2455 1015 2522 nullo
1038 2455 1186 2522 artificio
1205 2455 1314 2521 altera
1335 2454 1378 2520 ab
1397 2454 1507 2519 altera

361 2591 555 2670 separatur,
576 2583 696 2648 vinum
715 2604 796 2648 vero
816 2604 941 2668 purum
960 2604 1019 2648 seu
1047 2603 1178 2647 merum
1205 2579 1309 2647 facile
1341 2579 1508 2667 recipitur

362 2707 406 2772 ab
435 2730 524 2792 aqua
551 2713 586 2772 et
616 2706 741 2793 recipit
768 2728 907 2791 aquam,
936 2714 976 2772 ut
1003 2707 1066 2771 fiat
1094 2705 1310 2800 commixtio,
1336 2704 1395 2770 sed
1427 2705 1508 2789 quia

363 2838 480 2920 partes
497 2833 571 2896 vini
588 2832 717 2897 habent
736 2832 773 2896 iu
792 2855 826 2897 so
846 2831 978 2917 aliquid
998 2832 1120 2898 caloris
1139 2841 1174 2898 et
1194 2831 1282 2897 atris
1300 2838 1334 2896 ct
1351 2830 1508 2918 spiritus,

299 2962 343 3026 20
366 2980 436 3023 nou
455 2956 690 3022 omnimodum
707 2957 837 3023 habeut
857 2958 1064 3042 symbolum,
1095 2963 1129 3023 et
1148 2956 1225 3022 ideo
1244 2956 1431 3022 secundum
1449 2955 1510 3021 mi-

364 3082 459 3146 nima
479 3103 548 3146 uon
567 3080 814 3167 admiscentur,
835 3082 894 3147 scd
913 3084 1101 3149 secuudum
1120 3082 1203 3148 adeo
1227 3083 1418 3148 notabilem
1438 3103 1509 3147 mo-

363 3210 431 3273 lem
450 3208 612 3273 distincte
631 3213 814 3273 servantur
833 3209 870 3272 in
888 3207 1116 3295 heterogeneo
1136 3210 1341 3297 composite,
1356 3218 1397 3275 ut
1411 3215 1509 3274 certa

365 3342 439 3401 arte
459 3335 584 3399 iterum
604 3334 738 3420 possint
757 3334 945 3419 segregari,
966 3334 1055 3399 sicut
1074 3335 1178 3400 etiam
1203 3334 1328 3401 accidit
1357 3334 1393 3399 in
1420 3356 1510 3418 aqua

365 3461 554 3546 maritima,
572 3483 660 3546 quae
676 3467 769 3524 certo
786 3459 886 3525 modo
903 3460 1089 3526 sublimata
1106 3461 1240 3527 dulcem
1259 3482 1384 3545 aquam
1401 3459 1510 3547 expri-

300 3594 343 3656 25
367 3587 446 3668 mit,
466 3587 550 3650 item
569 3608 631 3674 per
650 3608 731 3650 vasa
751 3607 847 3651 cerea
866 3585 990 3666 colata;
1011 3585 1117 3670 quod,
1138 3585 1167 3650 si
1187 3584 1308 3650 mixtio
1328 3591 1416 3649 esset
1435 3606 1511 3670 per-

366 3711 467 3793 fecta,
486 3733 555 3776 non
576 3711 754 3776 accideret.
772 3710 894 3775 Oleum
913 3732 994 3775 vero
1011 3732 1089 3775 cum
1104 3731 1194 3794 aqua
1210 3730 1389 3794 nunquam
1405 3707 1512 3773 adrni-

367 3844 492 3920 scetur,
514 3836 594 3920 quia
613 3843 728 3924 partes
748 3836 814 3901 olei
834 3834 934 3920 quasi
957 3841 1092 3901 amatae
1109 3835 1257 3900 invicem
1274 3833 1457 3899 cohaerent
1477 3839 1512 3897 et

369 3961 650 4048 agglutinantur,
671 3961 761 4028 unde
788 3984 898 4049 noque
920 3965 923 4047 l
944 3967 1129 4049 penetrant
1152 3983 1263 4048 neque
1286 3965 1513 4047 penetrantur
1539 3977 1628 4040 ξεν
1641 3976 1696 4036 M

463 4259 492 4306 11
511 4257 540 4306 iu
554 4256 708 4314 contrario]
721 4255 737 4304 l.
751 4254 780 4305 iu
795 4254 973 4305 eontrarium
1037 4254 1067 4304 13
1080 4271 1134 4319 sqq.
1150 4256 1185 4319 cs.
1200 4269 1285 4318 sopra
1293 4270 1323 4317 p.
1337 4254 1400 4314 3511,
1412 4254 1446 4302 2?
1457 4269 1511 4318 sqq.

372 4351 963 4454 15proptortaii-aaa-uaapropterA¹
1029 4385 1180 4436 simbolum
1197 4385 1251 4437 OM
1311 4385 1511 4437 filiiuudeM¹

373 4472 403 4520 18
420 4470 580 4522 commistio
597 4469 651 4520 CM
710 4470 740 4518 ‘22
758 4473 910 4519 serventur
924 4484 940 4515 a
955 4485 971 4515 a
986 4483 1002 4513 a
1017 4483 1033 4514 a
1048 4483 1064 4513 a
1079 4466 1108 4516 in
1121 4465 1152 4516 M
1158 4470 1164 4503 ¹
1226 4466 1258 4517 25
1275 4464 1372 4518 mistio
1387 4465 1441 4519 OM
