3488 5108
298 362 357 421 324
737 378 876 426 1011111111
898 377 1000 425 namu

298 545 381 603 sunt
399 536 591 622 singulares
621 542 656 601 et
674 536 777 603 simul
796 544 878 603 sunt
909 561 987 604 cum
1006 538 1077 604 suis
1107 537 1299 620 effectibus,
1320 544 1359 603 ut
1378 537 1436 603 hio

298 665 472 731 medicans
492 687 570 730 cum
589 664 655 730 hoc
684 665 744 750 qui
763 664 967 749 medicatum
988 667 1075 731 istae
1093 688 1175 731 vero
1199 675 1280 732 sunt
1300 666 1437 733 univer·

298 795 385 861 sales
397 794 574 879 ctabsque
589 793 712 859 effectu
731 793 916 860 subsistere
931 801 1085 881 possunt,
1097 800 1136 859 ut
1146 795 1358 879 aedificator,
1377 796 1438 880 qui

297 930 350 988 est
368 928 553 1008 antequam
575 920 732 986 aedificet
750 926 785 987 et
803 929 985 1008 postquam
1007 921 1217 1004 aedificavit,
1241 928 1275 986 et
1294 921 1439 1008 respicit

254 1044 274 1105 5
298 1046 491 1112 aedificium
510 1047 549 1112 in
567 1045 765 1111 universali.

386 1195 421 1233 ³8.
444 1175 632 1241 Causarum
651 1173 735 1239 item
766 1174 906 1240 aliaest
934 1198 1082 1259 summa,
1104 1177 1140 1241 in
1171 1198 1239 1260 qna
1263 1175 1437 1260 quiescere
1462 1180 1604 1245 2st

298 1302 483 1388 contingit,
519 1302 588 1367 alia
614 1308 666 1367 est
696 1301 824 1385 media,
853 1325 941 1387 quae
969 1302 1012 1368 ad
1042 1304 1193 1389 quietem
1225 1303 1371 1391 aspirat,
1399 1311 1438 1369 ut

295 1428 396 1493 homo
421 1426 578 1492 aedificat
614 1427 694 1512 quia
724 1433 776 1492 est
797 1427 1007 1511 aedificator,
1038 1435 1090 1495 est
1121 1429 1320 1495 aedificator
1357 1428 1439 1514 quia

295 1552 400 1619 habet
425 1558 548 1636 artem,
567 1550 672 1617 habet
691 1559 800 1618 artem
827 1553 910 1639 quia
938 1562 1113 1641 expertus;
1143 1555 1227 1621 haec
1260 1562 1311 1621 est
1336 1576 1438 1622 causa

231 1685 273 1748 10
295 1682 333 1746 in
353 1704 419 1768 qua
437 1682 583 1768 quiescit
602 1682 771 1768 quaesti0‚
791 1703 831 1747 ac
851 1704 993 1748 summa.

384 1808 574 1873 Causarum
597 1806 738 1873 tandem
758 1807 846 1872 aliae
876 1814 957 1873 sunt
976 1808 1188 1874 universales
1208 1815 1255 1893 (et
1272 1807 1335 1874 hae
1355 1815 1437 1875 sunt

295 1935 567 2019 universalium),
588 1935 676 2000 aliae
694 1935 921 2021 particulares
941 1942 988 2019 (et
1007 1936 1070 2002 hae
1090 1936 1378 2023 particularium).

713 2242 748 2281 De
761 2241 837 2281 causis
850 2253 892 2292 per
907 2242 1021 2282 accidens.

382 2463 416 2501 aa.
438 2442 567 2509 Causae
593 2465 656 2529 per
683 2467 718 2509 se
746 2450 967 2509 enumeratae
995 2453 1090 2527 sunt,
1122 2466 1243 2510 causae
1268 2466 1349 2510 vero
1373 2467 1435 2532 per

229 2576 270 2640 15
294 2570 452 2635 accidens
480 2576 560 2635 sunt
579 2569 672 2653 illae,
693 2592 780 2655 quae
798 2593 869 2636 non
892 2570 1024 2636 habent
1042 2569 1212 2636 rationem
1230 2571 1436 2658 principalis

294 2696 492 2778 efficientia,
531 2718 677 2782 quarum
716 2697 800 2763 duas
839 2704 978 2763 tanturn
1014 2719 1299 2783 supernumerare
1337 2698 1436 2781 licet,

294 2843 426 2886 casum
455 2820 617 2886 videlicet
636 2830 670 2886 et
688 2821 904 2887 fortunam.
925 2822 1024 2899 Quod
1044 2829 1164 2888 contra
1177 2845 1305 2889 morem
1319 2846 1436 2889 eorum

293 2945 575 3033 philosophorum
595 2945 757 3031 facimus,
779 2948 839 3032 qui
865 2970 981 3013 casum
1001 2955 1035 3012 et
1063 2948 1239 3013 fortunam
1262 2949 1435 3036 principa-

293 3073 360 3138 lem
388 3096 503 3138 rerum
523 3095 661 3139 causam
681 3074 885 3140 efficientem
915 3082 1115 3158 autumant,
1136 3076 1220 3141 item
1244 3085 1364 3143 contra
1384 3099 1437 3143 eo-

227 3210 272 3272 20
294 3223 370 3287 rum
389 3223 531 3284 morem,
553 3203 613 3287 qui
633 3203 749 3268 omnia
769 3226 789 3266 a
809 3224 910 3267 cansa
929 3202 1157 3267 determinata
1178 3203 1325 3289 pendere
1344 3204 1435 3268 arbi-

294 3333 446 3410 trantur,
475 3333 514 3392 ut
538 3327 567 3393 si
598 3328 723 3412 aliquis
753 3336 931 3413 empturus
960 3328 1026 3392 ivit
1056 3329 1093 3393 in
1121 3328 1234 3394 forum
1262 3329 1437 3415 perfracta

294 3451 381 3516 tibia
400 3454 599 3536 revertitur,
620 3453 849 3519 determinata
868 3461 919 3518 est
939 3477 1040 3519 causa
1064 3477 1132 3540 qna
1159 3461 1328 3541 aegrotat,
1349 3479 1436 3541 quae

294 3583 346 3642 cst
363 3576 482 3643 'ivisse
504 3578 542 3642 in
561 3578 698 3644 forum.
715 3578 789 3643 Alii
809 3577 852 3643 ad
870 3579 974 3644 aliam
1000 3602 1136 3645 causam
1161 3581 1330 3646 occultam
1350 3582 1436 3647 refe·

293 3710 390 3786 runt,
410 3709 450 3767 ut
469 3703 652 3769 fortuitum
671 3711 810 3769 tanturn
830 3704 967 3769 dicatur
986 3711 1145 3792 respectu
1163 3706 1285 3771 nostri.

227 3839 272 3901 25
384 3848 476 3886 11144.
494 3828 561 3893 Sed
580 3829 680 3894 valde
711 3829 885 3894 mirabilia
912 3829 1033 3895 dicunt
1061 3854 1120 3896 seu
1141 3830 1295 3897 difficilia
1320 3833 1363 3898 acl
1382 3833 1437 3898 ilo·

293 3954 521 4039 fundendum,
558 3957 617 4040 qui
657 3957 909 4022 mundanorum
949 3958 1103 4023 omnium
1142 3982 1279 4025 cinisum
1318 3982 1434 4024 casum

295 4088 468 4166 astruunt,
500 4083 591 4148 unde
610 4091 644 4149 et
664 4083 827 4149 animalia
857 4092 891 4148 ct
909 4084 1063 4171 plantae,
1088 4085 1162 4171 ipse
1186 4085 1333 4170 denique
1353 4085 1435 4150 ordo

386 4351 418 4399 21
429 4352 509 4413 forre
521 4350 616 4402 forum
631 4352 710 4410 <emi
771 4354 802 4403 22
816 4352 888 4403 tibia
902 4354 942 4402 B:
960 4352 1012 4402 tibi
1027 4353 1054 4402 13
1115 4352 1192 4402 91121
1207 4352 1233 4400 ia
1247 4368 1333 4416 merq.
1348 4351 1436 4402 Hora·

295 4429 380 4479 clitus
395 4435 423 4479 et
436 4431 577 4497 Epicurus
591 4436 632 4497 (et
648 4435 679 4498 G)
693 4433 877 4484 Democritus
891 4433 918 4483 Ε
978 4434 1009 4483 24
1027 4431 1139 4483 dicatur
1152 4438 1262 4482 tanturn
1280 4432 1303 4485 0
