3488 5108
713 396 853 442 lobnam
875 396 977 441 BRVNI

602 799 820 876 CAMPVS
863 799 1092 879 IVNONIS.

364 1157 451 1222 Iuno
467 1162 573 1242 typus
589 1160 641 1220 est
657 1149 777 1237 medii,
794 1154 884 1220 sicut
900 1152 991 1218 enim
1005 1161 1063 1219 aar
1079 1175 1138 1218 sou
1149 1152 1308 1221 aetherea
1321 1155 1418 1241 regio

276 1282 405 1347 mediat
434 1282 525 1347 inter
555 1281 661 1346 solem
685 1287 817 1367 patrem
838 1288 873 1346 et
891 1280 1051 1345 tellurem
1070 1285 1230 1364 matram,
1250 1280 1301 1346 ita
1330 1280 1423 1347 inter

276 1413 437 1493 agentem
466 1412 501 1471 et
530 1406 676 1471 actionis
706 1403 913 1487 subiectum,
940 1404 1031 1471 inter
1050 1405 1243 1492 potentiam
1271 1406 1422 1472 activam

231 1531 252 1594 b
276 1539 310 1598 et
326 1531 518 1619 potentiam
537 1531 710 1617 passivam
735 1537 786 1596 ost
809 1529 960 1596 medium
980 1529 1152 1615 quoddam
1178 1530 1422 1616 necessarium,

277 1656 538 1741 disiunctivum,
559 1655 819 1739 distinctivum,
843 1655 1094 1743 copulativam,
1116 1655 1336 1722 advectivum
1360 1663 1423 1721 etc.

278 1780 399 1847 Omnis
419 1788 533 1847 autem
552 1781 710 1867 potentia
730 1779 773 1846 ad
790 1787 905 1846 actum
925 1803 995 1846 nou
1012 1781 1085 1847 sine
1104 1780 1222 1866 aliquo
1241 1781 1354 1847 medio
1375 1803 1424 1847 re·

279 1906 435 1989 ducitur3
459 1906 583 1972 iccirco
607 1913 642 1970 et
665 1904 816 1970 medinm
844 1906 936 1971 inter
963 1906 1224 1991 generalissima
1251 1906 1425 1994 principia

278 2031 491 2097 inventionis
524 2030 712 2116 iudiciique
746 2038 1025 2114 connumeratur,
1047 2031 1139 2117 quod
1167 2054 1228 2119 per
1255 2032 1425 2099 Iunonem

215 2167 256 2230 10
280 2155 426 2242 quilibet
445 2155 593 2242 figurare
613 2155 679 2221 sibi
699 2162 812 2242 potest
831 2157 928 2222 iuxta
947 2156 1212 2224 similitudinem
1237 2166 1356 2225 aereae
1375 2180 1426 2223 re·

278 2280 409 2367 gionis,
428 2303 490 2368 pro
511 2303 579 2366 qua
598 2281 685 2347 Iuno
705 2282 841 2368 capitur
865 2287 899 2345 et
923 2281 978 2347 cui
999 2280 1127 2348 dicitur
1146 2282 1327 2370 imperare.
1353 2282 1429 2348 Sta·

279 2411 340 2471 tua
363 2405 623 2472 constitutionis
646 2404 832 2471 facillimae
848 2413 900 2470 est
916 2407 1027 2493 magis
1052 2429 1156 2491 quam
1179 2407 1425 2490 necessarium,

282 2531 363 2618 quia
382 2554 423 2597 ex
441 2532 517 2619 ipso
533 2531 582 2597 rei
603 2530 722 2596 ordine
735 2538 769 2596 et
781 2553 983 2618 progressus
999 2554 1052 2597 res
1069 2532 1209 2619 dignius
1226 2539 1261 2599 et
1276 2555 1347 2598 uon
1364 2533 1426 2597 mi-

280 2680 346 2723 nus
365 2657 540 2722 commode
559 2657 752 2744 inspicitur.
778 2656 830 2721 Do
853 2656 957 2722 medii
977 2656 1086 2743 igitur
1110 2657 1424 2744 significationibus

216 2792 257 2854 lb
370 2784 487 2849 Prima
510 2788 562 2848 est
580 2803 643 2869 pro
666 2804 705 2847 ao
730 2780 821 2866 quod
845 2790 897 2848 est
916 2781 985 2865 via,
1007 2789 1133 2849 trames
1158 2789 1192 2847 at
1219 2784 1311 2848 linea
1330 2783 1421 2848 inter

282 2913 434 2972 extrema
453 2907 667 2972 mutationis.

370 3031 415 3096 II.
440 3032 507 3098 Pro
527 3054 565 3097 eo
585 3031 676 3117 quod
696 3031 732 3096 in
752 3031 863 3096 medio
884 3055 1001 3098 cursus
1021 3035 1171 3099 occurrit
1189 3033 1322 3119 agenti,
1346 3055 1424 3120 pro-

281 3156 467 3242 gredienti,
487 3157 705 3244 promoventi
725 3157 780 3221 vel
798 3165 967 3244 promoto.

370 3286 433 3351 ΙΠ.
458 3288 526 3352 Pro
546 3306 584 3351 eo
604 3284 696 3370 quod
715 3285 906 3364 concurrit3
926 3285 967 3350 de
988 3284 1217 3351 efficientibus
1237 3285 1330 3351 enim
1354 3308 1423 3350 om·

215 3424 260 3487 ‘20
283 3412 340 3478 nia
359 3418 496 3499 praeter
514 3410 706 3497 principale
725 3409 829 3476 medii
846 3410 1014 3476 rationem
1031 3412 1203 3493 obtinent,
1221 3411 1355 3499 primus
1369 3435 1427 3478 au-

282 3548 354 3606 tem
372 3545 407 3605 et
425 3539 630 3627 praecipuus
651 3538 800 3603 minime.

372 3667 430 3731 IV.
456 3667 523 3732 Pro
543 3665 643 3731 modo
662 3664 788 3750 agendi
804 3672 839 3729 et
855 3663 1035 3750 operandi,
1053 3665 1173 3731 modus
1191 3667 1283 3731 enim
1300 3665 1427 3751 agendi

284 3801 335 3858 cst
355 3792 528 3857 mediante
547 3812 614 3877 quo
633 3813 686 3856 res
703 3790 879 3877 perficitur
899 3797 934 3855 et
952 3790 1088 3877 perficit
1104 3813 1218 3876 agens.
1236 3790 1427 3856 Diversitas

284 3919 377 3985 euim
397 3940 509 3984 rerum
531 3917 741 4003 agendarum
761 3941 780 3981 a
800 3917 900 3982 modo
920 3916 1047 4002 agendi
1067 3938 1137 3982 uon
1157 3916 1266 3982 solum
1293 3939 1312 3981 a
1336 3917 1429 4003 prin-

381 4302 390 4348 1
412 4315 445 4348 oa
462 4314 550 4348 cinno
568 4311 676 4349 IUNONlS
698 4313 745 4347 san
764 4311 846 4345 namo
864 4294 896 4343 M
959 4294 988 4344 15
1005 4296 1101 4346 Prima
1119 4301 1165 4347 est
1187 4299 1192 4361 Ι
1211 4288 1238 4348 Ϊ.
1255 4297 1312 4347 Pro
1336 4313 1368 4348 ao
1390 4296 1428 4348 A:

287 4369 358 4431 icat
373 4395 422 4444 pro
440 4395 473 4428 co
491 4377 522 4427 M
583 4379 615 4428 ab
631 4377 816 4443 principalem
834 4376 940 4427 emenda
958 4375 1002 4426 M:
1021 4392 1035 4425 o
1047 4377 1127 4442 forse
1146 4378 1268 4444 primum
1287 4383 1383 4429 cutem
1402 4386 1431 4430 et

286 4459 492 4529 praecipuum?
