3488 5108
478 385 568 432 amar
590 385 803 432 rursroonvu
825 385 1038 432 immorans
1058 385 1257 433 aroannam.
1379 371 1438 430 393

292 542 344 609 ita
370 544 490 609 oculus
515 543 575 629 qui
605 566 674 610 non
704 543 813 626 videt,
843 543 965 629 lingua
997 565 1085 630 quae
1104 566 1175 609 non
1200 550 1333 630 gustat,
1358 564 1437 608 earo

294 690 382 754 quae
408 690 478 734 non
502 669 622 754 sentit,
644 693 721 736 oum
741 670 924 753 sentiente,
945 675 1125 756 gustante,
1145 668 1299 750 vidente,
1320 668 1437 755 aequi·

293 813 377 859 voce
396 793 568 860 dicuntur.
583 794 740 878 Quidam,
754 817 832 860 oum
845 817 886 859 ex
903 814 1004 859 carne
1020 793 1119 859 valde
1136 792 1351 880 deperditum
1364 793 1438 860 fue·

294 917 358 1001 rit,
381 925 422 983 ut
447 917 491 985 in
509 918 711 984 inveteratis
743 920 905 1001 mortuis,
930 927 1015 985 tune
1036 918 1254 1006 perspiciunt
1279 917 1439 983 differen-

250 1042 271 1106 ὅ
293 1042 393 1126 tiam,
411 1042 637 1130 sapientiores
654 1067 735 1111 vero
752 1047 1009 1134 quamprimum
1024 1068 1142 1111 sensus
1159 1052 1194 1109 et
1213 1045 1305 1126 vita;
1327 1067 1438 1130 neque

294 1167 388 1233 enim
417 1169 529 1254 magis
546 1167 630 1234 haee
660 1191 738 1235 earo
759 1169 891 1236 aceedit
919 1170 1046 1257 speciei
1066 1192 1166 1236 verae
1186 1170 1312 1254 earnis,
1334 1192 1437 1256 quam

295 1315 373 1359 oum
388 1291 495 1359 fuerit
511 1293 608 1358 einis.
630 1293 687 1358 Sic
706 1294 799 1359 enim
815 1295 853 1360 in
865 1317 991 1381 genere
1011 1294 1163 1382 eorporis
1181 1294 1365 1360 inanimati
1385 1302 1438 1362 est

296 1439 402 1483 unum
422 1417 512 1484 siout
531 1417 678 1483 alterum
703 1425 737 1482 et
756 1417 807 1484 ita
830 1441 900 1484 non
924 1418 1038 1485 minus
1063 1420 1179 1485 differt
1206 1442 1314 1486 unum
1335 1442 1437 1507 quam

296 1542 444 1608 alterum
456 1541 644 1609 seeundum
656 1543 897 1626 substantiam,
912 1544 1077 1630 quioquid
1089 1545 1135 1610 sit
1151 1545 1192 1610 de
1206 1546 1268 1612 illa
1285 1546 1439 1612 acciden-

231 1661 274 1726 10
298 1666 360 1733 tali
380 1666 623 1750 similitudine3
643 1668 732 1734 siout
751 1669 789 1734 in
808 1669 885 1734 istis
904 1677 956 1734 est
985 1670 1132 1735 mutatio
1152 1671 1338 1738 seeundum
1359 1673 1438 1738 sub·

296 1793 475 1879 stantiam,
508 1816 595 1880 quae
624 1794 799 1860 interdum
827 1795 967 1861 difficile
995 1795 1228 1879 cognoscitur,
1260 1797 1310 1864 ita
1338 1806 1373 1863 et
1401 1799 1437 1863 in

295 1920 372 1986 aliis
392 1920 526 2001 aooidit,
545 1929 584 1985 ut
600 1919 637 1984 in
653 1920 797 2007 plantis,
819 1943 908 2004 aere,
926 1927 1084 2006 argento,
1104 1921 1274 2008 sanguine
1292 1930 1327 1988 et
1346 1922 1438 1987 simi·

294 2045 401 2131 libus,
423 2045 459 2111 in
479 2045 605 2131 quibus
623 2045 796 2111 difficilior
815 2052 867 2111 est
886 2045 1049 2130 cognitio.

389 2369 405 2419 5
418 2382 482 2419 oum
491 2366 614 2434 primum
624 2361 806 2416 scriveremuro
815 2361 902 2414 invoca
911 2360 941 2412 di
949 2363 1157 2431 quamprimum
1170 2362 1393 2430 (quumprimum
1403 2361 1436 2426 t),

296 2448 456 2502 iatardeado
470 2447 660 2512 sapientiores
677 2460 746 2497 vero
763 2444 955 2495 differentiam
973 2444 1164 2510 perspiciunt,
1177 2458 1242 2495 oum
1257 2442 1380 2510 primum
1394 2443 1439 2494 de·

296 2530 409 2598 perdita
425 2529 537 2581 fuerint
552 2542 656 2580 sensus
673 2533 703 2577 et
718 2526 779 2576 vita
840 2527 865 2577 9.
876 2527 907 2576 10
922 2525 1061 2576 accentali
1081 2524 1104 2576 0
1119 2524 1153 2589 (7)

433 4549 508 4590 Bnuru
524 4548 579 4597 Opp.
594 4548 634 4585 lot.
652 4544 692 4584 111.
