3488 5108
338 395 378 455 58
779 406 919 453 manum
941 407 1042 452 navm

339 592 420 637 vero
436 576 471 636 et
487 569 589 635 unica
605 576 761 634 remanet
776 565 969 633 formaliter
984 567 1021 632 in
1038 590 1073 632 sa
1094 569 1099 651 Ι
1119 566 1203 654 ipsa.
1222 564 1343 652 Itaque
1363 564 1483 630 eadem
1508 565 1624 630 124¹

341 696 471 784 species
500 696 551 761 ita
578 701 630 760 est
658 694 696 759 in
724 691 886 759 omnibus
921 692 1028 760 oculis
1063 698 1098 758 et
1126 692 1272 778 ubique,
1303 691 1332 756 si
1356 691 1486 776 ubique

343 821 414 888 sint
434 820 537 905 oculi,
559 826 599 885 ut
617 820 724 885 etiam
743 819 789 884 sit
808 818 852 884 ab
872 817 1032 884 omnibus
1052 824 1219 904 separata.

433 945 517 1012 XX.
536 944 617 1011 Non
629 943 673 1010 ob
692 966 768 1010 eam
788 966 958 1026 caussam,
972 944 1064 1029 quod
1082 944 1120 1008 in
1132 943 1339 1028 quibusdam
1352 943 1487 1010 nullum

299 1073 320 1137 ὃ
345 1072 481 1138 animae
501 1069 687 1156 vestigium
707 1075 885 1157 appareat,
906 1069 1041 1135 nullum
1060 1069 1155 1134 vitae
1178 1068 1331 1155 signum,
1352 1068 1488 1134 credere

344 1197 509 1263 debemus
539 1195 620 1261 inde
639 1195 790 1262 animam
822 1194 954 1277 abesse,
978 1194 1038 1260 sed
1067 1195 1183 1281 potius
1206 1194 1336 1261 ibidem
1366 1195 1487 1279 latere,

343 1322 436 1389 unde
455 1320 642 1406 aliquando
659 1344 732 1387 sese
748 1322 920 1409 explicare
933 1319 1065 1387 debeat.
1079 1320 1177 1386 Sicut
1189 1320 1282 1386 enim
1297 1320 1333 1386 in
1346 1342 1487 1408 corpore

342 1449 509 1533 humano,
529 1446 612 1513 licet
632 1454 706 1512 tota
730 1448 776 1511 sit
795 1447 910 1512 anima
930 1448 968 1512 in
985 1453 1059 1513 toto
1078 1455 1113 1511 et
1133 1446 1170 1511 in
1194 1445 1350 1531 qualibet
1369 1466 1487 1533 corpo-

344 1574 392 1640 ris
411 1579 522 1662 parte,
542 1580 749 1638 nontamen
768 1572 897 1658 ubique
917 1558 1026 1637 totam
1044 1595 1080 1638 se
1099 1571 1263 1658 explicat,
1282 1569 1341 1636 sed
1359 1570 1488 1636 alicubi

280 1710 322 1774 10
344 1699 475 1766 dicitur
492 1722 565 1765 esse
584 1699 796 1783 animaliter,
816 1698 945 1765 alicubi
970 1699 1201 1782 rationaliter,
1227 1699 1354 1765 alicubi
1374 1698 1490 1765 vitali·

345 1833 410 1912 ter,
424 1825 552 1893 alicubi
569 1826 758 1893 secundum
774 1826 955 1893 inferiores
972 1827 1136 1913 rationes,
1151 1850 1229 1894 cum
1245 1836 1363 1893 tamen
1375 1833 1490 1894 totum

346 1951 560 2018 intellectiva
578 1952 693 2018 anima
709 1953 902 2019 animatum
919 1954 966 2019 sit
978 1954 1156 2041 ipsamque
1168 1959 1278 2019 totam
1293 1953 1489 2036 contineat3

347 2077 398 2143 ita
418 2085 452 2142 et
470 2079 587 2144 anima
605 2077 726 2143 mundi
745 2086 779 2144 et
798 2078 942 2166 spiritus
961 2079 1128 2162 universi,
1147 2079 1228 2145 dum
1248 2079 1368 2144 eodem
1387 2084 1489 2167 pacto

348 2202 466 2271 eadem
494 2203 625 2269 virtute
655 2211 690 2269 et
710 2205 878 2270 essentiae
911 2205 1114 2291 integritate
1142 2204 1188 2271 sit
1207 2204 1245 2269 in
1275 2204 1436 2271 omnibus
1455 2211 1490 2270 et

283 2333 324 2398 15
348 2329 491 2415 ubique,
519 2352 582 2417 pro
613 2329 732 2396 ordine
760 2337 877 2397 tamen
908 2330 1061 2397 universi
1090 2338 1125 2395 et
1153 2330 1385 2396 membrorum
1415 2337 1491 2395 tum

347 2456 539 2543 primorum
568 2463 645 2522 tum
664 2456 945 2523 secundariorum
966 2458 1024 2522 hic
1044 2457 1183 2543 quidem
1206 2455 1488 2542 intelligentiam,

350 2605 487 2649 sensum
507 2589 541 2648 et
560 2582 829 2668 vegetationem,
849 2582 900 2648 ibi
918 2605 999 2649 vero
1019 2605 1156 2648 sensum
1173 2590 1207 2646 at
1222 2580 1488 2667 vegetationem,

351 2707 436 2774 alibi
455 2707 711 2794 vegetationem
737 2717 888 2791 tantum,
913 2708 997 2773 alibi
1029 2707 1314 2794 compositionem
1339 2711 1491 2790 tantum,

351 2833 436 2899 alibi
455 2833 694 2920 imperfectam
713 2834 930 2917 mixtionem,
952 2833 1035 2899 alibi
1066 2833 1258 2920 simplicius
1281 2831 1494 2920 principium

285 2967 329 3030 20
352 2959 532 3025 mixtionis
552 2960 714 3046 explicat.
739 2958 859 3044 Neque
878 2960 1003 3025 mirum
1034 2958 1092 3025 hic
1110 2959 1220 3025 videri
1240 2959 1355 3043 debet,
1385 2965 1425 3023 ut
1444 2957 1495 3023 in·

352 3086 429 3173 quit
441 3086 556 3169 Plato,
571 3085 661 3171 quod
675 3085 883 3168 universum,
897 3107 1022 3171 parens
1035 3092 1070 3150 et
1081 3086 1268 3172 productor
1281 3084 1494 3167 animalium,

351 3218 387 3277 et
405 3235 424 3276 a
443 3211 541 3276 cuius
553 3210 780 3276 excrementis
792 3211 957 3277 animalia
969 3210 1123 3297 perfecta
1138 3219 1363 3296 generantur,
1381 3211 1495 3298 ipsum

352 3357 503 3422 quoque,
525 3336 621 3402 cuius
649 3335 798 3422 speciem
818 3342 852 3400 et
880 3336 1026 3402 formam
1045 3336 1105 3403 illa
1129 3336 1297 3420 referunt,
1324 3336 1496 3422 intelliga-

352 3468 411 3528 tur
439 3461 644 3543 animatum;
674 3467 727 3526 est
756 3483 838 3547 ergo
871 3484 941 3527 non
970 3461 1070 3529 modo
1095 3462 1238 3544 animal,
1262 3461 1322 3526 sed
1345 3461 1497 3548 primum

287 3590 331 3654 ‘25
355 3587 497 3670 animal,
518 3585 738 3672 unigenitum
769 3585 875 3672 primi
907 3585 1103 3652 intellectus
1136 3594 1170 3651 et
1205 3608 1329 3672 parens
1361 3583 1498 3650 univer·

358 3735 482 3779 sorum.

444 3837 548 3902 XXI.
567 3837 622 3902 Ita
650 3837 850 3902 universum
880 3836 944 3902 hoc
964 3836 1092 3902 animal
1122 3835 1299 3902 reducitur
1324 3835 1366 3900 ad
1390 3857 1498 3900 unum

356 3963 568 4051 principium
585 3962 709 4048 idcale,
726 3962 815 4028 sicut
831 3970 865 4028 et
883 3962 1109 4050 particularia
1123 3962 1300 4043 animalia,
1320 3962 1364 4027 ab
1380 3961 1499 4026 cadem

450 4239 467 4287 Β
483 4236 587 4303 anima]
601 4237 668 4287 ania
685 4255 699 4287 ο
716 4252 792 4287 anna
808 4237 832 4286 Α
896 4238 1045 4303 quoflibct
1056 4240 1078 4288 A
1144 4238 1222 4287 11.12
1235 4241 1330 4287 totum
1347 4238 1502 4289 intellecti·

359 4336 395 4372 va
409 4323 412 4386 Ι
427 4311 461 4370 ἴα
478 4312 556 4370 affin
573 4319 612 4369 sit
629 4319 666 4368 A:
685 4324 748 4369 tota
768 4318 949 4372 intellectiva
969 4322 1008 4371 sit
1029 4320 1185 4370 animatum
1206 4318 1238 4368 M
1298 4320 1329 4369 16
1345 4319 1453 4384 primor
1475 4321 1499 4368 A

360 4401 550 4452 secundorum
562 4400 775 4459 (distinctione)
785 4400 816 4450 M
863 4403 893 4453 la
910 4402 980 4453 alibi
989 4401 1192 4465 imperfectam]
1208 4401 1257 4450 ulii
1269 4400 1467 4466 imperfectam
1476 4402 1499 4449 A

359 4483 391 4532 ‘25
407 4481 513 4533 animal
524 4480 567 4530 M:
580 4484 615 4533 ἵει
632 4479 655 4530 Α
