3488 5108
691 424 851 470 annicius
875 423 1046 468 autumna.
1381 407 1439 464 623

386 597 454 643 ειη.
476 577 574 643 Sicut
593 579 630 643 in
650 579 750 642 domo
770 579 850 660 BD,
875 579 912 643 in
932 601 1000 663 qua
1019 578 1146 643 ancilla
1169 576 1361 641 humiditas
1384 599 1439 663 ap-

298 703 387 789 petit
426 704 566 791 plantas
597 704 774 784 humidaS,
810 710 844 768 at
881 725 999 769 sensus
1033 702 1284 788 imaginativaa
1312 701 1441 789 species

297 829 456 895 humidas
476 836 510 894 et
528 828 684 915 frigidas,
704 828 793 894 sicut
811 828 925 894 fontes
944 835 979 893 at
998 827 1148 910 umbras,
1170 849 1266 909 uvas,
1281 827 1442 908 lactucas

300 961 334 1020 et
353 954 403 1020 sic
421 954 463 1019 ds
481 953 571 1036 aliis;
592 953 642 1019 sia
655 953 746 1018 calor
753 959 808 1017 ast
827 952 1045 1018 inordinatus
1062 958 1097 1017 et
1112 951 1320 1018 innaturalis
1338 974 1443 1036 quan·

255 1081 419 1168 udoque.

391 1227 455 1272 rw.
475 1184 573 1272 Sicut
589 1207 626 1272 in
648 1205 748 1271 domo
771 1205 845 1289 BF,
867 1205 904 1271 in
929 1227 997 1291 qua
1017 1203 1171 1270 abundat
1195 1202 1288 1290 ignis
1310 1226 1373 1290 par
1392 1226 1445 1268 ca·

302 1334 412 1400 lidum
431 1342 465 1401 at
484 1335 626 1415 siceum,
648 1333 805 1399 infirmus
824 1333 958 1420 appetit
979 1332 1097 1398 vinum
1123 1338 1157 1396 at
1183 1353 1237 1396 ras
1262 1329 1389 1396 calidas
1409 1336 1444 1394 et

304 1462 420 1544 siccas,
440 1469 480 1527 nt
497 1461 695 1527 destruatur
711 1460 837 1526 ancilla
854 1482 917 1547 par
936 1457 1164 1541 domicellam,
1177 1457 1215 1523 in
1232 1456 1444 1523 contrarium

306 1589 491 1676 appetitus.

241 1734 284 1797 10
395 1732 448 1778 av.
469 1715 511 1779 In
530 1713 632 1780 domo
652 1714 717 1779 DA
744 1713 919 1801 appetitus
946 1711 1050 1776 etiam
1069 1710 1274 1793 destruitur,
1306 1709 1444 1795 quando

309 1839 517 1904 clauduntur
536 1839 613 1927 pori
632 1846 693 1905 aut
711 1838 814 1904 nimis
833 1836 1053 1924 aperiuntur,
1074 1842 1109 1901 et
1128 1835 1177 1900 sic
1201 1841 1310 1901 cessat
1332 1841 1445 1902 motus

306 1964 564 2030 nutrimentalis
583 1971 617 2029 at
637 1965 850 2030 consumitur
871 1963 952 2029 vita.

401 2227 417 2275 6
434 2224 481 2274 BF
494 2228 549 2290 (nra
561 2225 583 2275 B
597 2223 701 2274 sendra
715 2224 870 2287 caracallam)
885 2239 957 2273 corr.
972 2223 1015 2274 X:
1027 2223 1077 2273 BD
1090 2223 1117 2274 X
1123 2226 1130 2258 ¹
1146 2223 1182 2289 (l)
1247 2224 1276 2273 ll
1292 2223 1370 2289 porri
1384 2222 1412 2272 X
