3488 5108
288 347 348 406 374
728 360 869 406 renuam
888 360 990 406 aaran

288 518 417 584 rationi
435 516 585 604 simplici
604 516 777 583 contraria
795 523 847 582 est
865 523 941 583 tum
960 539 1000 582 ea
1023 538 1112 602 quae
1140 538 1181 580 ex
1204 514 1331 597 calido,
1355 522 1431 580 tum

289 665 328 708 ea
358 664 446 728 quae
474 663 516 707 ex
543 640 685 727 frigide,
716 639 869 728 perfecte
897 639 1036 727 quidem
1059 639 1282 727 putrefactio,
1303 639 1430 727 imper·

288 768 378 835 fecte
395 789 477 834 vero
496 774 531 833 et
549 775 589 833 ut
608 766 666 832 via
684 767 850 853 quaedam
871 774 906 832 et
928 767 1127 854 dispositio,
1151 774 1191 833 ut
1215 773 1371 833 senectus
1395 773 1431 831 et

288 893 446 978 ariditas,
477 914 622 979 quorum
649 891 804 957 omnium
833 890 912 957 finis
942 899 994 958 est
1024 891 1191 958 marcado.
1215 891 1430 958 Putrefactio

244 1021 265 1085 5
287 1019 394 1085 etiam
412 1017 540 1083 dicitur
557 1039 628 1083 non
646 1015 786 1104 proprie
804 1014 884 1083 finis
907 1039 1043 1101 eorum,
1068 1039 1156 1102 quae
1175 1015 1342 1082 violentia
1361 1037 1431 1082 cor·

287 1149 516 1231 rumpuntur;
535 1141 565 1207 si
584 1140 678 1206 enim
697 1162 774 1205 caro
794 1147 829 1206 et
852 1162 890 1206 os
913 1140 1092 1207 combusta
1110 1139 1242 1205 fuerint
1271 1144 1432 1225 (quorum

288 1267 368 1335 finis
396 1264 583 1333 secundum
613 1272 775 1331 naturam
803 1271 856 1330 est
877 1264 1116 1353 putrefactio),
1145 1264 1189 1331 ad
1215 1263 1430 1350 gelneralem
1456 1267 1548 1330 49*
1561 1265 1600 1330 0

287 1391 519 1479 corruptionis
549 1390 866 1457 denominationem
895 1390 1083 1478 pertinent.
1115 1391 1318 1455 Putrescere
1352 1408 1434 1454 vero

288 1525 340 1584 est
358 1525 432 1583 turn
451 1515 671 1581 humidorum
690 1522 764 1581 tum
785 1515 962 1581 siccorum.
981 1514 1167 1602 Correptio
1199 1513 1252 1596 fit,
1285 1537 1363 1581 cum
1386 1536 1436 1580 se-

226 1644 268 1706 10
291 1641 441 1713 cundum
468 1647 584 1727 partes
610 1647 898 1729 corrumpuntur,
929 1663 1017 1726 quae
1047 1646 1252 1727 separantur
1279 1639 1322 1705 ab
1348 1637 1436 1704 invi-

290 1789 375 1849 cem,
395 1764 596 1832 dominante
623 1765 699 1852 ipso
719 1764 811 1850 quod
834 1765 1002 1830 terminat
1019 1772 1054 1831 et
1078 1765 1247 1848 continet,
1268 1785 1372 1850 super
1395 1785 1434 1829 eo

289 1894 381 1983 quod
400 1893 606 1961 terminatur
630 1900 665 1958 et
688 1893 897 1958 continetur.
921 1894 967 1958 Et
991 1893 1067 1959 ideo
1091 1916 1170 1958 curn
1189 1892 1283 1978 ignis
1301 1893 1347 1957 sit
1366 1898 1434 1958 ter·

289 2018 478 2086 minativus
497 2017 653 2084 omnium
671 2017 933 2102 elementorum,
952 2019 1046 2085 solus
1064 2017 1243 2107 putrefieri
1261 2039 1333 2083 non
1351 2017 1434 2082 dici·

289 2153 355 2211 tur.
375 2143 549 2210 Putrescit
568 2143 660 2210 enim
679 2143 828 2209 terrain
847 2143 1083 2209 continentem
1102 2166 1243 2229 aquarn,
1275 2165 1368 2229 aqua
1398 2142 1435 2207 in

227 2274 265 2337 15
289 2271 526 2337 continentem
555 2277 681 2354 aerem,
702 2277 761 2336 aer
788 2291 870 2335 vero
900 2269 938 2335 in
967 2270 1095 2354 ignem.
1114 2270 1298 2335 Praeterea
1315 2274 1433 2355 putre·

289 2395 394 2463 factio
425 2402 477 2461 est
505 2395 679 2482 corruptio
707 2394 781 2461 eius
811 2395 1014 2478 caliditatis,
1045 2416 1133 2481 quae
1162 2402 1214 2460 est
1241 2394 1432 2460 secundum

290 2527 460 2607 naturam,
496 2521 533 2586 in
561 2541 768 2606 unoquoque
796 2520 938 2587 humido
957 2520 1196 2602 consistentis;
1214 2519 1292 2585 ideo
1317 2526 1434 2606 putre·

289 2644 396 2713 factio
412 2645 550 2712 videtur
565 2644 703 2710 definiri
718 2644 914 2732 indigentia
930 2644 1118 2711 caliditatis
1133 2644 1310 2734 propriae,
1327 2666 1434 2730 quan·

291 2768 475 2857 doquidem
505 2770 555 2836 ita
584 2768 751 2857 frigidum
780 2775 815 2836 et
842 2769 992 2836 calidum
1021 2777 1232 2836 concurrunt
1255 2769 1299 2836 ad
1318 2776 1432 2857 putre-

224 2896 269 2960 90
291 2896 495 2981 factionem,
539 2904 578 2962 ut
620 2895 828 2982 putrefactio
868 2895 1052 2962 definiatur
1091 2897 1282 2963 communis
1320 2896 1434 2984 passio

292 3021 498 3108 frigiditatis
518 3021 659 3086 alienae.
679 3019 971 3088 Putrefactionem
991 3021 1149 3106 sequitur
1178 3028 1347 3108 perpetua
1371 3021 1434 3087 sic·

293 3147 393 3230 citas,
411 3147 527 3212 omnia
543 3146 650 3232 enirn,
671 3169 758 3233 quae
777 3153 994 3233 putrescunt,
1014 3146 1158 3212 sicciora
1177 3147 1318 3212 tandem
1338 3146 1435 3212 fiunt.

293 3272 450 3337 Exeunte
462 3273 556 3337 enim
567 3271 709 3359 proprio
722 3270 832 3337 calido
844 3277 1010 3358 evaporat
1026 3272 1131 3337 etiam
1144 3271 1231 3337 illud
1243 3271 1435 3355 humidum,

293 3398 385 3485 quod
404 3406 456 3464 est
475 3398 662 3465 secundum
681 3405 858 3483 naturam,
877 3398 968 3483 quod
988 3422 1008 3464 a
1027 3399 1216 3465 caliditatis
1235 3398 1435 3485 operatione

225 3525 269 3588 25
292 3523 534 3606 inducebatur;
554 3524 714 3610 quocirca
729 3530 843 3589 amoto
859 3523 1033 3611 principio
1049 3524 1172 3609 activo,
1192 3524 1385 3591 necessario
1402 3531 1437 3589 et

293 3649 365 3716 eius
384 3649 561 3736 propriam
580 3649 775 3737 passionem
794 3650 956 3714 amoveri.
976 3649 1019 3714 ln
1048 3649 1173 3734 hieme,
1204 3657 1239 3715 et
1270 3672 1349 3716 cum
1379 3648 1438 3714 fri-

294 3800 379 3865 gora
397 3778 508 3864 magis
528 3776 765 3859 dominantur,
785 3777 898 3842 minus
917 3777 1007 3842 fiunt
1025 3776 1311 3865 putrefactiones,
1336 3798 1438 3864 prop·

294 3910 388 3969 terea
414 3903 497 3989 quia
520 3902 670 3969 calidum
698 3907 879 3967 externum
902 3901 1008 3989 (quod
1036 3903 1122 3968 solet
1151 3902 1328 3968 internum
1360 3901 1441 3967 cali-

301 4068 431 4078 ...-

388 4168 419 4219 10
435 4176 606 4235 asperantur
625 4169 698 4233 Off)
763 4171 792 4220 11
814 4170 980 4219 dominante
994 4168 1022 4219 iu
1039 4185 1127 4235 marg.
1142 4169 1179 4219 da
1199 4170 1275 4219 altra
1294 4186 1373 4220 mano
1390 4186 1439 4220 eon

296 4249 324 4298 la
341 4254 405 4299 nola
428 4248 514 4312 (forte
536 4249 714 4314 dicendum),
736 4249 780 4300 nel
800 4255 863 4299 testo
885 4247 973 4300 iacere
989 4249 1195 4300 denominante
1215 4250 1247 4311 G,
1262 4267 1307 4299 ma
1330 4253 1365 4315 cf.
1385 4252 1437 4301 Ar.

292 4347 322 4394 p.
333 4331 398 4378 3791·
418 4333 448 4379 11
462 4330 560 4394 (dende
573 4328 597 4381 si
609 4330 785 4395 aspectaretlc
795 4330 922 4393 piuteoato
936 4330 1012 4395 quod
1024 4330 1199 4381 terminatur
1210 4345 1296 4396 super
1311 4347 1344 4381 ao
1361 4332 1437 4398 quod

295 4411 442 4477 terminat)
506 4412 538 4460 12
554 4412 738 4463 contineatur
754 4413 777 4464 0
837 4412 918 4462 2526
934 4409 971 4462 ric
988 4413 1010 4464 0
