3488 5108
739 381 879 434 IOEDAM
899 381 1002 434 naum

527 691 601 766 DE
643 676 812 765 PRIMO
854 686 1207 766 INTELLECTV.

391 984 489 1051 Sicut
507 985 605 1050 inani
624 985 812 1072 opponitur
830 984 1024 1071 plenitude,
1045 990 1080 1049 et
1099 984 1189 1050 sicut
1207 985 1310 1051 inane
1329 985 1439 1069 sequi·

300 1118 357 1177 tur
376 1110 542 1195 carentia,
563 1111 612 1175 ita
631 1110 882 1199 plenitudinem
902 1111 1123 1196 consequitur
1142 1110 1355 1177 activissima
1371 1104 1439 1175 effi-

300 1236 407 1321 cacia,
435 1237 568 1325 primus
594 1237 756 1302 videlicet
784 1237 991 1321 intellectus,
1020 1237 1133 1324 prima
1163 1236 1253 1319 idea,
1283 1236 1437 1302 idearum

255 1367 277 1432 5
300 1363 455 1428 omnium
473 1361 565 1444 fons;
584 1368 664 1449 post
683 1363 774 1428 enim
792 1362 962 1427 unitatem
977 1361 1268 1428 absolutissimam
1284 1362 1440 1448 sequitur

276 1552 277 1556 ,
298 1486 535 1555 universitatis
553 1487 777 1575 principium,
797 1488 906 1555 veluti
930 1488 1096 1570 dualitas,
1116 1498 1155 1554 ut
1174 1509 1255 1554 mox
1273 1487 1441 1554 universi-

275 1693 276 1696 ,
297 1614 381 1681 tatis
393 1615 580 1700 emanati0,
598 1614 708 1680 veluti
723 1615 878 1697 trinitas,
895 1614 1098 1681 dualitatem
1116 1636 1336 1700 consequens.
1353 1615 1437 1680 Eius

298 1739 394 1805 nulla
413 1746 465 1806 est
483 1739 606 1827 figura,
627 1741 708 1827 quia
727 1739 816 1806 nihil
835 1747 886 1806 est
904 1741 1131 1828 particulare,
1148 1741 1238 1827 quod
1255 1740 1370 1807 omnia
1386 1763 1438 1805 re-

297 1865 401 1951 ferat,
424 1866 534 1932 veluti
564 1866 775 1933 sensibiliter
798 1873 832 1932 et
860 1866 1054 1954 explicitam
1084 1875 1202 1932 tamen
1229 1867 1258 1931 si
1287 1866 1437 1952 aliquem

230 2000 274 2065 10
296 1993 368 2059 eius
388 1999 511 2081 typum
530 1993 652 2059 afferre
670 2016 863 2082 possumne,
883 1994 1101 2080 intelligatur
1119 1993 1265 2059 circulus
1284 1995 1342 2079 qui
1357 2016 1439 2060 mox

296 2120 386 2186 circa
417 2119 635 2187 individuum
670 2128 828 2186 centrum
854 2119 1063 2203 reflectatur;
1094 2118 1314 2200 individuum
1342 2121 1435 2186 enim

294 2248 408 2336 ipsum
427 2256 501 2315 erat
519 2248 699 2337 plenitudo
718 2249 847 2335 ubique
865 2254 940 2312 tota
960 2255 994 2312 et
1013 2247 1057 2312 ab
1077 2248 1237 2315 omnibus
1262 2248 1433 2333 absoluta,

295 2361 442 2440 circulus
460 2375 564 2440 etiam
585 2375 631 2440 sit
650 2374 765 2440 unitas
783 2374 912 2460 ubique
931 2381 1018 2458 tota,
1036 2374 1096 2439 sed
1115 2374 1275 2439 omnibus
1290 2374 1325 2441 se
1344 2397 1435 2440 com-

212 2585 215 2590 ,
294 2501 482 2567 municans.
504 2500 653 2586 Antiqui
672 2500 824 2586 theologi
843 2507 1000 2565 centrum
1024 2499 1112 2565 illud
1134 2507 1316 2587 paternam
1341 2524 1434 2567 men-

230 2633 272 2697 15
294 2633 365 2693 tem
377 2626 590 2714 intelligunt,
603 2649 700 2713 quae,
713 2626 796 2692 dum
811 2649 846 2691 se
863 2625 973 2714 ipsam
985 2621 1248 2713 centemplatur,
1266 2627 1433 2693 circulum

295 2752 466 2839 quendam
494 2752 655 2841 producit
679 2759 713 2817 et
735 2752 886 2840 primum
909 2760 1054 2839 generat
1077 2752 1306 2838 intellectum,
1332 2776 1434 2838 quem

293 2881 405 2949 filium
425 2882 614 2969 appellant,
636 2904 704 2967 qua
725 2881 949 2968 conceptione
972 2879 1124 2968 perfecta
1148 2880 1186 2945 in
1210 2881 1362 2967 imagine
1386 2904 1435 2947 es·

293 3007 424 3074 sentiae
443 3030 523 3073 suae
543 3007 609 3072 sibi
629 3005 844 3094 complacens
863 3005 1032 3092 fulgorem
1053 3005 1195 3088 emittit,
1217 3029 1318 3091 quem
1342 3029 1433 3072 amo-

294 3156 365 3199 rem
384 3133 575 3221 appellant,
596 3133 656 3218 qui
676 3139 812 3220 epatre
832 3155 867 3197 se
886 3133 1000 3219 ipsum
1019 3133 1276 3219 contemplante
1298 3133 1337 3197 in
1359 3132 1431 3198 filio

226 3270 271 3334 20
293 3261 531 3348 proficiscitur.
556 3261 624 3325 Hic
651 3260 733 3326 licet
763 3259 989 3347 contemplari
1017 3261 1054 3325 in
1079 3271 1179 3347 patre
1207 3261 1434 3326 essentiarum

293 3386 490 3470 essentiam,
510 3386 548 3452 in
567 3386 638 3451 filio
658 3407 793 3451 omnem
812 3366 1081 3472 pulcritudinem
1106 3395 1140 3450 et
1163 3387 1352 3472 generandi
1375 3409 1434 3474 ap·

292 3511 457 3597 petitum,
477 3511 514 3576 in
533 3510 668 3598 fulgore
689 3512 803 3601 ipsum
821 3512 983 3599 spiritum
1002 3512 1248 3600 pervadentem
1265 3513 1382 3578 omnia
1398 3521 1433 3577 et

293 3636 536 3715 vivificantem.
558 3637 690 3714 Quibus
709 3639 758 3704 ita
778 3662 813 3704 se
832 3639 1048 3723 habentibus,
1074 3646 1189 3703 mente
1215 3639 1431 3726 concipiatur

293 3765 425 3853 primus
445 3763 640 3831 intellectus
659 3766 756 3832 iuxta
777 3766 922 3852 triginta
942 3766 1171 3832 conditiones:

1260 3994 1428 4005 ——nae

401 4128 417 4177 6
441 4126 565 4177 dualitas
586 4127 631 4176 M:
655 4126 850 4176 dualitatisA
926 4127 940 4176 7
967 4127 1134 4178 emnati0A
1211 4128 1227 4176 9
1251 4129 1268 4178 l.
1297 4131 1431 4195 explicite

292 4209 323 4257 13
344 4206 469 4258 circulus
491 4207 559 4258 verb
581 4208 619 4257 sit
639 4209 724 4256 etiam
747 4208 780 4256 M
854 4208 884 4256 14
901 4224 953 4271 sqq.
975 4210 1009 4272 cs.
1032 4208 1139 4259 Summa
1161 4211 1264 4260 ternam.
1285 4211 1430 4276 narlapbya.

288 4305 319 4351 p.
332 4289 377 4347 79,
388 4289 423 4336 23
435 4304 489 4351 sqq.
555 4289 584 4337 14
602 4295 678 4353 (per)
691 4294 822 4338 centrum
832 4286 864 4336 M
925 4291 954 4338 17
971 4292 1159 4355 conceptione
1171 4290 1236 4349 ΑΜ,
1246 4308 1289 4340 aaa
1301 4294 1334 4341 ΑΙ
1350 4310 1432 4341 uacca

291 4368 446 4420 eamindicio
469 4385 517 4418 coa
538 4385 555 4434 p
577 4369 737 4432 luparolo,
761 4366 844 4417 sicclib
870 4367 891 4418 u
916 4369 1067 4433 conrpcndio
1095 4386 1147 4421 con
1175 4371 1279 4421 scrabra
1304 4389 1354 4422 ora
1378 4390 1430 4440 pro

291 4449 323 4498 ‘20
338 4449 394 4499 Hic
406 4449 443 4498 A:
455 4449 508 4500 His
516 4486 522 4513 ,
536 4468 553 4498 a
567 4455 664 4512 quanto
677 4448 793 4512 sendra,
806 4449 835 4498 Μ
