3488 5108
548 416 638 465 runai
659 416 871 465 nursrcoruur
892 416 1103 464 nnrsrornms
1124 417 1320 465 exortamur.
1444 406 1503 464 209

449 576 605 643 Secundo
626 584 874 663 consequenter
893 576 936 643 ad
956 577 1122 665 specialia
1142 582 1287 642 naturae
1306 576 1506 663 progredie-

363 725 455 769 mur:
475 703 587 790 primo
607 704 644 769 in
663 703 762 769 libris
786 703 841 768 De
867 704 978 770 caelo
1003 712 1041 770 et
1064 702 1211 769 mundo
1236 701 1501 790 contemplando

362 839 524 897 naturam
543 831 580 895 in
599 830 701 897 rebus
732 831 829 896 iuxta
848 830 996 917 primam
1015 815 1050 895 et
1079 828 1273 917 principem
1299 835 1412 894 motus
1431 851 1501 915 spe·

364 957 450 1022 ciem
480 955 680 1039 mobilibus,
713 956 805 1021 caelo
838 962 873 1021 et
902 955 1097 1038 elementis,
1127 961 1299 1039 quatenus
1329 953 1440 1040 prima
1470 960 1504 1018 et

317 1081 510 1151 bsecunda
528 1082 659 1148 latione
682 1089 849 1168 aguntur,
880 1080 1029 1146 secundo
1053 1079 1091 1145 in
1122 1079 1222 1145 libris
1256 1079 1313 1144 Da
1344 1101 1507 1165 genera-

362 1206 473 1272 tione
508 1207 605 1273 iuxta
639 1206 824 1272 secundam
858 1212 892 1272 et
926 1204 1125 1271 immediate
1161 1210 1361 1289 sequentem
1392 1211 1505 1269 motus

362 1332 525 1420 speciem,
545 1331 786 1419 principaliter
814 1353 939 1418 nempe
958 1330 1000 1396 (le
1029 1336 1109 1396 ortu
1134 1335 1168 1394 et
1199 1328 1358 1412 interitu,
1390 1350 1504 1394 conse·

362 1470 508 1548 quanter
539 1468 654 1527 autem
685 1459 782 1526 iuxta
813 1457 1081 1546 consequenltes
1113 1458 1214 1542 alias,
1246 1458 1502 1543 alterationem,
1528 1462 1636 1527 8⁹3

362 1593 588 1672 angmentum
607 1593 642 1652 et
661 1586 915 1653 decrementum
936 1592 982 1671 (et
1001 1586 1168 1653 hactenus
1190 1592 1194 1676 l
1215 1587 1281 1652 erit
1296 1586 1409 1674 prima
1423 1609 1504 1673 pars
1529 1590 1579 1653 5‘
1592 1588 1630 1653 Ο

299 1725 341 1786 10
364 1714 667 1801 contemplationis
686 1714 728 1780 de
747 1723 887 1797 natura,
909 1738 996 1801 quae
1019 1723 1071 1781 est
1091 1715 1237 1782 scientia
1256 1722 1291 1780 et
1313 1714 1418 1781 habat
1437 1738 1506 1781 mo-

362 1839 444 1905 dum
464 1840 656 1922 scientiae);
676 1840 780 1906 tertio
800 1841 836 1905 in
855 1839 955 1906 libris
979 1841 1035 1907 De
1059 1840 1208 1924 anima,
1241 1841 1294 1905 De
1319 1863 1443 1906 sensu
1467 1848 1505 1905 ct

362 1974 538 2050 sensato,
574 1966 767 2033 Memoria
803 1975 841 2031 et
876 1967 1189 2034 reminiscentia
1226 1975 1261 2032 et
1291 1967 1433 2052 reliquis
1461 1966 1506 2032 ad

361 2093 426 2160 hoc
444 2116 554 2180 genus
577 2093 848 2181 pertinentibus,
880 2093 977 2160 iuxta
1001 2095 1211 2182 principium
1245 2101 1400 2160 motuum
1419 2094 1507 2159 vita·

361 2220 447 2285 lium
467 2227 501 2285 et
520 2219 757 2304 rationalium,
779 2219 860 2307 quia
879 2219 976 2286 iuxta
994 2221 1208 2309 principium
1231 2228 1387 2286 motuum
1407 2228 1506 2286 natu·

297 2349 338 2411 lo
361 2345 487 2411 ralium
505 2345 542 2410 in
562 2345 795 2433 superioribus
818 2352 866 2429 (et
888 2345 972 2412 haee
996 2355 1048 2412 est
1067 2346 1217 2414 secunda
1237 2369 1318 2434 pars
1337 2346 1502 2413 scientiae

361 2470 402 2535 (le
422 2477 560 2555 natura,
581 2470 712 2537 habens
742 2470 883 2537 modum
901 2472 978 2558 plus
998 2470 1165 2538 historiae
1186 2495 1289 2559 quam
1310 2471 1504 2556 scientiae);

362 2603 484 2682 quarto
512 2596 549 2662 in
577 2596 676 2662 libris
711 2597 1046 2684 Meteorologicis
1081 2598 1123 2662 cle
1153 2597 1353 2686 compositis
1386 2597 1505 2663 mixtis

362 2729 466 2807 atque
496 2720 719 2808 imperfectio,
741 2722 885 2808 quaein
904 2723 1067 2788 membris
1087 2723 1244 2789 universi
1271 2722 1505 2811 superioribus

363 2852 397 2911 et
415 2846 638 2913 inferioribus
658 2854 844 2934 apparent,
874 2855 908 2912 et
928 2848 1118 2914 successive
1139 2847 1181 2913 ile
1205 2848 1324 2913 mixtis
1342 2847 1505 2935 perfectis

296 2982 340 3046 20
363 2979 467 3058 atque
485 2972 752 3060 perfectioribus
772 2973 808 3038 in
827 2972 927 3038 libris
951 2974 1007 3039 De
1031 2972 1318 3056 mineralibus,
1344 2973 1505 3039 Plantis

362 3109 396 3166 et
415 3101 690 3184 Animalibus
716 3123 800 3185 quos
820 3101 960 3166 omnino
977 3099 1158 3167 historicos
1177 3101 1404 3188 appellamus,
1423 3102 1504 3186 quia

361 3236 543 3295 versantur
568 3228 659 3293 circa
687 3226 912 3314 particulares
939 3227 1068 3314 species
1093 3226 1349 3313 generabilium
1376 3235 1410 3293 et
1434 3251 1505 3294 cor·

361 3355 580 3443 reptibilium
599 3362 633 3420 et
653 3354 729 3419 aliis
746 3361 860 3420 motus
877 3353 1078 3420 affectorum
1098 3354 1292 3442 speciebus,
1316 3377 1402 3441 quae
1422 3363 1504 3421 sunt

361 3481 538 3569 proximae
573 3479 821 3566 singularibus,
856 3478 898 3544 de
932 3479 1060 3564 quibus
1094 3501 1207 3564 neque
1242 3479 1418 3567 possibilis
1452 3487 1505 3545 est

295 3616 338 3680 25
363 3606 506 3673 scientia
531 3627 642 3690 neque
666 3603 874 3670 conveniens
893 3604 1037 3670 historia
1058 3604 1149 3692 apud
1173 3627 1253 3670 eum
1285 3605 1345 3692 qui
1364 3604 1503 3671 modum

361 3732 538 3798 ‹leotrinae
558 3728 821 3816 contemplatur.

450 3856 675 3945 Applicantes
689 3854 797 3940 igitur
806 3852 957 3919 decimae
974 3855 1101 3921 rationi
1113 3878 1155 3920 ex
1168 3854 1366 3942 praedict-ia,
1381 3877 1504 3942 nempe
1530 3858 1580 3921 9r
1591 3859 1637 3922 Β

361 3982 590 4065 methodicae,
611 4003 717 4066 quaa
738 3980 840 4044 certis
867 3980 1049 4068 principiis
1069 3980 1172 4046 huius
1200 3981 1366 4047 scientiae
1385 4004 1504 4068 proce·

362 4109 511 4176 [lendum
531 4114 595 4191 est,
616 4105 762 4171 dicimus
782 4105 875 4171 viam
894 4105 997 4171 liuius
1017 4105 1194 4173 doctrinae
1213 4129 1285 4171 esse
1306 4106 1349 4172 ab
1368 4106 1504 4172 univer-

295 4244 339 4308 30
361 4234 491 4300 salibus
521 4231 564 4298 ad
582 4232 808 4319 particulares
827 4237 972 4297 naturae
992 4232 1130 4319 species.
1152 4232 1247 4311 Quae
1271 4255 1353 4298 sane
1372 4233 1504 4299 metho-

423 4492 471 4543 l‚2
485 4494 507 4553 s.
518 4492 734 4558 progrediamur
744 4491 824 4555 (esp.
833 4491 894 4553 268,
901 4493 947 4558 22)
980 4493 1009 4541 17
1024 4492 1314 4558 Matheorologicisll
1344 4493 1376 4543 ‘23
1389 4498 1469 4545 motu
1479 4491 1505 4544 Ε
