3488 5108
619 431 749 478 nauare
769 433 928 480 navorum
951 434 1157 481 svarvaavu.
1420 424 1459 483 ‘23

400 588 554 657 XXVII.
575 589 617 655 In
637 610 676 655 eo
696 588 864 657 Tantalus
880 591 1027 678 fingitur
1045 592 1095 659 ita
1114 599 1312 680 praesentes
1330 593 1457 662 habere

311 715 430 804 dapes,
455 723 495 782 ut
518 715 641 783 iisdem
663 723 833 804 perpetuo
862 725 990 802 careat,
1015 718 1059 785 ad
1089 718 1324 787 denotandum
1343 723 1459 810 priva·

310 841 400 908 tioni
418 848 624 930 perpetuum
644 842 775 909 socium
795 866 867 909 esse
885 844 1090 933 appetitum.

399 968 571 1036 XXVIH.
596 969 653 1035 Ibi
683 970 856 1056 Erynnes,
880 976 1003 1059 utpote
1026 971 1169 1057 Furiae,
1194 972 1308 1040 locum
1330 973 1457 1042 habere

265 1100 287 1166 5
309 1116 433 1180 graves
452 1094 546 1160 Deae
564 1094 724 1183 fingitur,
746 1096 828 1182 quia
852 1096 960 1165 Orous
984 1121 1043 1166 seu
1067 1098 1218 1185 privatio
1235 1100 1347 1167 omnis
1366 1100 1455 1185 irae,

311 1218 581 1307 indignationis,
601 1220 756 1290 invidiae
775 1229 1057 1311 caeterorumque
1076 1223 1274 1292 huiusmodi
1294 1225 1389 1292 loeus
1405 1232 1457 1292 est

310 1352 415 1432 atque
434 1368 562 1414 caussa.

398 1469 567 1551 (XXIX.)
586 1472 721 1540 Ibidem
734 1474 951 1541 centimanus
961 1475 1124 1542 Briareus
1141 1476 1299 1543 detrusus
1317 1475 1455 1562 dieitur,

311 1597 372 1684 qui
391 1605 530 1664 centum
550 1599 709 1686 scopulos
729 1606 850 1668 eontra
873 1601 992 1669 Iovem
1015 1601 1207 1688 intorquet,
1226 1602 1270 1668 ad
1289 1602 1456 1670 denotan-

244 1726 289 1791 10
310 1722 392 1789 dum
408 1724 520 1790 omnis
534 1725 670 1790 sceleris
687 1731 791 1811 atque
807 1726 940 1814 peceati
956 1748 1111 1794 caussam
1126 1750 1198 1794 esse
1213 1726 1454 1815 privationem.

310 1848 421 1916 Omne
432 1855 613 1938 peceatum
626 1849 859 1937 delictumque
875 1851 948 1918 sive
962 1851 1133 1917 defectum
1150 1874 1170 1917 a
1186 1850 1456 1937 derelinquendo

309 1982 344 2041 et
360 1974 549 2042 deficiendo
565 1983 600 2041 et
616 1985 864 2062 consequenter
879 1977 1026 2043 carendo
1042 1977 1186 2061 dieitur;
1205 1977 1350 2044 crimina
1363 1978 1455 2044 enim

309 2123 380 2168 non
399 2101 542 2168 effectus
561 2101 621 2169 sed
641 2102 796 2169 defectus
818 2125 929 2190 genus
953 2103 1127 2186 incolunt,
1147 2104 1292 2189 ideoque
1311 2103 1353 2169 ad
1374 2103 1455 2170 Orci

309 2227 485 2316 regionem
503 2228 696 2316 pertinent,
716 2228 808 2294 unde
827 2236 947 2296 contra
965 2251 1112 2317 regnum
1131 2229 1218 2295 lucis
1239 2228 1454 2316 belligerant.

244 2358 288 2425 15
398 2352 521 2418 XXX.
542 2352 838 2432 Quemadmodum
861 2376 903 2420 ex
926 2377 996 2421 una
1012 2361 1112 2442 parte
1130 2354 1384 2442 plenitudinem
1401 2354 1454 2420 lu·

310 2477 358 2545 eis
375 2485 507 2566 quanto
523 2479 635 2567 magis
653 2479 1035 2568 incomprehensibilem
1051 2480 1258 2565 iudicamus,
1270 2486 1369 2547 tanto
1385 2502 1454 2547 ma-

308 2605 362 2692 gis
379 2605 598 2692 attingimus,
616 2606 667 2673 ita
679 2613 713 2673 et
725 2605 814 2672 hanc
830 2607 1006 2692 regionem
1020 2605 1228 2694 privationis
1244 2614 1279 2671 et
1295 2605 1453 2671 tenebra-

309 2753 386 2797 rum
404 2738 504 2798 tanto
524 2732 635 2820 magis
655 2732 907 2817 cognoscimus,
927 2733 1184 2820 quantomagis
1204 2731 1452 2817 indetfinitam,
1478 2739 1595 2803 109Γ

309 2856 615 2924 indeterminatam
635 2859 858 2946 concipimus.

242 3175 287 3240 20
411 3163 485 3237 DE
527 3162 725 3240 TERTIO
769 3163 1164 3258 INFIGVRABILI,
1207 3166 1354 3242 PVTA

501 3305 575 3381 DE
617 3305 792 3383 NOCTE
835 3306 937 3383 SEV
980 3307 1261 3384 TENEBRIS.

398 3596 478 3663 Orci
497 3597 604 3665 filiam
622 3598 892 3685 primogenitam
913 3601 1006 3686 [esse]
1026 3599 1171 3665 Noctem
1192 3622 1264 3665 esse
1288 3600 1454 3687 intelligi-

307 3744 397 3805 mus,
419 3745 506 3808 quae
526 3724 623 3790 iuxta
642 3725 827 3808 rationem,
848 3746 916 3810 qua
933 3724 1004 3791 filia
1021 3725 1103 3791 Oroi
1121 3733 1188 3807 est,
1208 3747 1315 3791 unum
1332 3726 1374 3792 de
1392 3727 1453 3792 tri·

307 3849 371 3916 bus
385 3849 667 3937 infigurabilibus
682 3850 845 3936 habetur,
866 3850 1000 3917 ratione
1016 3858 1145 3935 autem,
1164 3873 1231 3937 qua
1248 3851 1324 3939 ipsa
1344 3859 1396 3918 est
1415 3853 1451 3919 in

240 3978 284 4044 25
306 3977 447 4064 propria
466 3978 601 4043 ratione
624 3985 660 4044 et
682 3986 824 4062 natura,
845 4002 912 4067 qua
937 4001 957 4046 a
979 3988 1123 4067 parente
1148 3979 1348 4067 degenerat,
1369 3982 1456 4047 anti·

400 4262 566 4328 amyntas
587 4263 645 4328 (sic)
664 4260 722 4314 ΔΜ
781 4263 832 4314 5ἱ.
850 4263 1003 4329 finguntur
1065 4263 1243 4316 flilnumaro
1262 4281 1359 4317 manco
1379 4267 1408 4318 ia
1428 4267 1453 4318 A

309 4343 482 4395 PriareusA
547 4344 1105 4411 ll(Hino>omneM:s.Omne<onim)
1169 4343 1289 4413 a]adA¹
1353 4346 1454 4413 ltplo·

309 4423 577 4490 nitudinematque
595 4425 719 4476 luciaA¹
784 4427 815 4475 19
832 4431 861 4475 et
875 4425 1173 4477 indeterminatamd!
1234 4429 1454 4479 26111111111101·

307 4505 399 4557 muri
463 4505 642 4557 minuma¹
690 4521 753 4558 esse
767 4505 911 4572 (aprima
922 4507 1005 4574 colea)
1016 4508 1105 4559 om.M
1150 4508 1451 4576 25quaapparentoA
