3488 5108
580 431 709 476 inuras
729 429 887 476 rmomra
910 428 1116 475 srarvanvn.
1357 413 1414 471 251

277 611 342 674 que
361 587 454 652 euim
478 587 621 652 materia
640 587 752 674 primo
776 594 827 652 est
851 587 1050 674 organizata
1075 593 1109 651 et
1131 591 1251 673 postea
1271 583 1420 650 intrudi·

276 721 333 779 tur
361 713 490 797 anima,
525 721 564 779 ut
593 713 732 798 quidam
762 711 885 779 stolide
915 713 1165 798 imaginantur,
1197 717 1236 777 ut
1264 710 1413 776 formato

276 839 411 927 corpori
426 838 589 905 adveniat
605 838 759 926 [corpori]
778 844 965 926 <oporteret
985 837 1076 903 enim
1096 837 1190 903 aliud
1203 835 1414 927 principium

276 965 461 1052 occupari),
483 962 542 1030 sed
562 965 677 1030 anima
696 971 748 1030 est
767 986 855 1050 quae
874 985 997 1052 corpus
1016 960 1212 1045 fabrefecit,
1237 961 1417 1048 organizat

232 1093 253 1155 5
277 1091 376 1179 quasi
394 1092 526 1175 nervia,
544 1092 657 1178 venis,
678 1091 814 1157 arteriis
831 1098 865 1157 et
885 1091 1030 1176 ossibus,
1044 1089 1189 1156 materia
1205 1089 1419 1176 circumqua-

278 1241 344 1302 que
363 1217 520 1284 desumta
540 1216 752 1285 domicilium
772 1217 840 1284 sibi
858 1215 1087 1283 fabrefaciens
1106 1222 1141 1282 et
1160 1215 1329 1283 intexens.

697 1522 732 1561 Ex
748 1521 926 1572 Demogorgonn
940 1522 1008 1563 alr-lo.

368 1747 397 1808 l.
418 1745 471 1810 Ex
489 1743 694 1810 habitudine
714 1744 817 1811 ideali
832 1744 875 1811 ad
894 1745 1016 1812 ideam.
1032 1746 1160 1812 Anima
1176 1746 1324 1813 refertur
1343 1770 1421 1835 pro·

278 1870 354 1957 pria
374 1876 408 1934 et
427 1870 613 1957 praecipua
643 1870 810 1936 relatione
829 1892 900 1936 non
918 1871 962 1937 ad
988 1893 1125 1959 corpus,
1154 1871 1214 1938 sed
1232 1871 1276 1937 ad
1296 1873 1420 1939 Deum.

216 1995 256 2059 10
278 1995 335 2060 Ad
365 2017 488 2082 corpus
509 1996 601 2061 enim
630 1994 870 2062 habitudinem
888 1995 1010 2079 habet,
1039 2018 1108 2082 quo
1132 2002 1264 2080 utatur,
1296 1997 1333 2062 in
1353 2021 1421 2083 quo

278 2129 459 2187 moveatur
482 2144 585 2206 seque
608 2121 778 2206 exagitem
804 2120 848 2187 ad
872 2121 1034 2209 abyssum
1058 2143 1139 2188 vero
1162 2121 1263 2209 lucis,
1288 2122 1327 2188 in
1352 2145 1418 2208 quo

280 2247 512 2332 conquiescat.
539 2246 632 2334 Ergo
653 2246 804 2335 corporis
835 2255 869 2313 et
888 2247 1052 2314 materiae
1081 2247 1347 2314 contubernium
1367 2247 1420 2313 illi

278 2371 512 2458 peregrinatio
532 2379 584 2437 est
603 2379 637 2436 et
655 2372 765 2438 veluti
784 2372 935 2438 deviatio
955 2372 1135 2458 quaedam,
1157 2380 1191 2438 et
1210 2395 1424 2461 consequen·

278 2503 333 2563 ter
351 2496 532 2562 materiam
563 2518 631 2563 non
661 2497 819 2584 agnoscit
847 2504 887 2563 ut
914 2497 1093 2586 proprium
1120 2497 1315 2564 subiectum
1346 2498 1420 2566 sive

215 2619 256 2683 15
279 2621 556 2688 substantialiter
575 2621 648 2688 sive
667 2621 939 2690 accidentaliter.

368 2749 398 2812 2.
422 2748 475 2812 Ex
491 2753 592 2835 parte
609 2747 826 2815 habitudinis
845 2749 954 2836 patris
974 2755 1009 2814 et
1027 2748 1100 2814 filii.
1121 2749 1211 2827 Quia
1229 2749 1347 2816 anima
1371 2748 1421 2816 di·

281 2873 371 2938 citur
390 2872 461 2938 filia
480 2873 545 2937 Dei
566 2880 599 2938 et
618 2872 719 2941 homo
739 2897 840 2941 verus
859 2875 950 2941 filius
966 2875 1045 2960 Dei,
1062 2876 1197 2941 nullum
1213 2897 1294 2940 vero
1314 2897 1420 2961 agens

282 2997 324 3063 ad
345 2998 537 3064 accidentia
560 2998 616 3064 vel
638 2999 681 3065 ad
701 3000 830 3066 formas
847 2999 1074 3066 accidentales
1090 3007 1189 3088 pater
1204 3000 1344 3086 dicitur,
1362 3001 1421 3066 sed

283 3122 325 3188 ad
344 3124 530 3190 univocum
547 3125 706 3191 effectum
722 3148 803 3192 vere
818 3132 929 3213 pater,
947 3133 981 3191 et
1000 3124 1053 3191 illi
1069 3125 1206 3191 affinem
1223 3134 1257 3191 et
1273 3126 1421 3193 similem

214 3249 258 3313 20
281 3248 533 3334 quodammodo
553 3257 663 3337 pater.

370 3376 400 3439 3.
424 3376 478 3440 Ex
505 3374 710 3442 habitudine
739 3376 850 3461 geniti
879 3382 914 3442 et
943 3375 1004 3442 illa
1034 3399 1102 3462 qua
1130 3382 1324 3462 generatur.
1344 3376 1422 3443 Om-

281 3500 336 3567 nis
355 3498 465 3566 forma
496 3500 641 3587 physica
659 3501 861 3587 materialis,
889 3501 918 3567 si
939 3507 990 3567 est
1014 3502 1253 3586 accidentalia,
1278 3526 1321 3568 ex
1339 3503 1426 3569 alte-

281 3625 416 3691 ratione
435 3626 582 3692 subiecti
601 3626 843 3714 proficiscitur;
864 3627 893 3691 ei
912 3633 963 3692 est
987 3626 1195 3712 essentialis,
1216 3650 1257 3693 ex
1276 3629 1423 3694 materia

283 3751 533 3836 quodammodo
547 3751 776 3838 proficiscitur
784 3775 846 3839 per
856 3753 949 3819 viam
964 3753 1198 3839 generationis
1210 3776 1270 3819 seu
1286 3754 1421 3820 ratione

215 3872 259 3937 25
281 3877 529 3963 generationis,
551 3899 638 3962 quae
669 3878 834 3943 alefinitur
862 3901 1062 3965 progressus
1081 3878 1125 3944 ad
1155 3901 1284 3945 novum
1309 3886 1424 3946 actum

288 4068 328 4077 ..-
344 4070 365 4074 -.
377 4068 438 4075 ..ι-.-
448 4069 661 4076 ..-..-.-...-..-..-
693 4071 704 4075 .-
720 4071 744 4075 -
786 4071 896 4076 —-.-
912 4071 1104 4077 -..----..-..-..2
1118 4071 1132 4077 ..
1143 4071 1426 4080 .-Μ-...ἠ

376 4176 392 4225 3
408 4176 521 4241 corpori
535 4176 573 4240 (la
583 4175 695 4225 secondo
704 4174 786 4238 eollo)
798 4173 818 4224 A
829 4190 835 4222 :
846 4170 970 4224 Moerico
983 4173 1086 4237 anima,
1098 4173 1144 4224 noi
1156 4175 1181 4224 lo
1193 4174 1315 4225 abbiamo
1326 4175 1429 4224 cancel·

284 4257 338 4307 lato
348 4254 382 4322 (ai
392 4256 516 4319 potrebbe
530 4257 613 4307 anetae
626 4254 868 4320 acmverccorporo
882 4255 1018 4305 adveniat
1032 4255 1158 4322 corpori)
1205 4256 1222 4304 6
1235 4255 1386 4320 desumpta
1397 4254 1430 4304 M

283 4337 559 4402 'lDaamogorgonis
572 4338 609 4388 A:
626 4338 668 4387 Ex
680 4336 765 4386 Atrio
783 4336 979 4400 Memorgenis
994 4336 1032 4399 M,
1046 4337 1080 4397 cf.
1095 4354 1113 4386 a
1127 4354 1157 4401 p.
1171 4338 1228 4395 219,
1244 4339 1271 4386 11
1334 4336 1364 4385 21
1382 4351 1428 4399 ge-

285 4419 340 4469 niti
353 4423 383 4470 ot
396 4421 436 4484 (ot
449 4417 462 4467 ὲ
475 4425 600 4468 correcto:
616 4418 654 4467 da
666 4416 766 4482 itoml)
780 4417 830 4467 illa
842 4418 918 4484 quod
935 4416 973 4467 A:
992 4418 1123 4482 genitum
1138 4416 1194 4482 (aie)
1203 4455 1209 4483 ,
1225 4421 1301 4469 etex
1315 4433 1371 4482 quo
1384 4417 1415 4466 Μ
1422 4434 1427 4467 :

284 4497 330 4549 noi
341 4498 464 4549 abbiamo
474 4499 565 4549 scritto
580 4513 636 4565 qua
650 4500 715 4565 (per
729 4497 817 4564 quod)
