3488 5108
654 428 780 473 russas
802 427 846 472 na
867 428 984 473 nasia.
1328 414 1388 473 489

243 585 366 661 quidam
383 583 497 644 addere
516 593 752 661 consueverunt,
771 584 864 643 certis
879 583 978 643 succis
999 583 1172 660 inungendo
1192 604 1287 645 venas
1303 584 1388 662 iugu-

242 692 333 751 lares.
352 690 430 750 Item
448 691 570 767 quidam
588 691 708 768 lapides
726 711 781 769 per
800 690 941 751 effluxum
958 699 1141 767 atomorum,
1160 700 1194 750 ut
1216 712 1309 770 onyx,
1329 692 1386 751 sub

243 800 385 860 cervicali
407 801 534 877 appensi
556 799 647 858 dorso
676 799 837 875 designata
858 800 1043 859 somniorum
1069 819 1183 875 genera
1203 801 1385 876 conciliant;

243 908 323 967 sicut
349 908 388 966 de
417 927 513 986 onyce
535 907 643 966 scribit
665 907 827 983 Albertus,
850 915 880 966 ct
902 927 958 983 ego
986 926 1052 967 sum
1078 916 1222 985 expertus
1251 917 1281 968 et
1309 909 1387 968 alios

199 1024 219 1083 5
243 1013 375 1093 experiri
392 1013 466 1086 feci,
483 1034 543 1073 nou
562 1034 597 1075 eo
616 1034 704 1090 quem
726 1013 913 1073 mentiuntur
932 1013 1103 1089 gemmarii,
1125 1013 1180 1074 sed
1198 1015 1250 1074 illo
1268 1015 1319 1091 qui
1338 1024 1388 1075 est

243 1121 364 1181 omnino
382 1120 461 1198 lapis
478 1120 566 1198 niger
582 1140 649 1180 cum
667 1120 755 1180 venis
772 1120 865 1196 albis,
884 1120 969 1180 cuius
987 1120 1116 1180 maxima
1133 1121 1222 1199 copia
1238 1122 1278 1182 ad
1295 1121 1388 1182 litora

242 1229 335 1288 maris
352 1228 504 1306 Tyrrheni
522 1239 553 1287 et
570 1226 730 1304 Ligustici.
748 1227 796 1286 Ex
817 1227 926 1302 quibus
944 1241 992 1287 est
1018 1226 1212 1288 manifestum
1235 1231 1385 1304 quomodo

242 1336 320 1396 ratio
338 1335 437 1395 victus
456 1344 486 1394 et
503 1334 675 1394 materialia
693 1333 866 1394 huiusmodi
884 1333 1048 1412 principia,
1067 1334 1117 1394 vel
1135 1354 1190 1413 per
1207 1356 1241 1395 se
1262 1337 1312 1395 vel
1330 1357 1389 1397 me-

242 1442 345 1502 diante
366 1442 551 1518 cogitatione
568 1441 706 1521 praevia,
729 1449 828 1501 certas
846 1439 1065 1518 dispositiones
1082 1451 1113 1501 et
1131 1440 1254 1503 habitus
1272 1443 1302 1502 iu
1325 1443 1387 1501 ani-

180 1557 222 1622 10
244 1570 324 1609 mum
351 1548 506 1610 intrudere
531 1550 662 1608 traleant.
680 1548 843 1607 Assuescit
869 1568 943 1624 ergo
969 1549 1088 1607 animus
1116 1557 1290 1627 aegrotare,
1309 1551 1388 1610 bene

242 1661 361 1735 valere,
389 1659 446 1719 hoc
470 1665 519 1718 est
540 1678 649 1737 sapere
672 1659 720 1716 vel
740 1657 901 1736 desipere,
920 1658 1004 1717 iuxta
1025 1657 1243 1734 cogitationum
1268 1659 1388 1737 species

242 1767 352 1844 quibus
373 1767 531 1840 educatur,
551 1765 591 1826 ad
611 1765 692 1841 quod
710 1766 872 1824 conferunt
892 1764 1092 1825 materialiter
1109 1767 1306 1842 nutrimenta,
1324 1767 1388 1826 bel-

242 1895 311 1951 nea,
328 1874 500 1951 unctiones,
521 1873 687 1934 efficienter
709 1893 745 1933 ea
762 1893 839 1949 quae
860 1894 1038 1952 persensus
1054 1883 1197 1935 externos
1218 1877 1387 1953 capiuntur.

244 1979 365 2057 Siquis
387 1979 492 2039 audire
515 1990 695 2040 consuescat
716 2000 808 2041 voces
829 2001 987 2059 pecorum,
1010 1981 1194 2041 rusticorum
1215 1983 1386 2059 proposita,
1420 2061 1422 2066 γ

178 2097 218 2161 15
242 2087 435 2163 ignobilium,
457 2089 650 2162 ignorantum
668 2096 700 2148 et
716 2089 943 2155 semil'erorum.
959 2090 1031 2149 item
1050 2088 1155 2149 videre
1174 2089 1252 2150 tales
1269 2090 1384 2166 vultus,

241 2195 319 2254 tales
336 2195 456 2273 species
472 2196 674 2268 miserabiles,
692 2197 840 2273 tragicos,
854 2196 1044 2274 deploratos,
1057 2196 1275 2272 infortunatos,
1291 2197 1294 2253 l
1311 2197 1384 2257 item
1410 2196 1501 2259 88ν
1515 2198 1551 2259 Ο

242 2302 417 2378 iracundos,
438 2304 602 2381 superbos,
620 2304 761 2373 furiosos,
781 2305 824 2364 ita
841 2303 941 2365 anima
959 2304 1080 2363 omnino
1095 2303 1235 2363 inficitur.
1253 2303 1302 2362 Ita
1319 2324 1386 2381 pro·

241 2409 407 2469 videndum
424 2411 553 2469 manime
568 2418 658 2486 atque
676 2410 846 2472 cavendum
861 2419 910 2471 est
921 2411 972 2470 ubi
988 2420 1019 2471 et
1033 2431 1100 2471 oum
1112 2412 1221 2487 quibus
1235 2411 1387 2489 quispiam

243 2516 400 2593 eilucetur,
416 2518 583 2596 erudiatur,
599 2520 656 2578 sub
670 2539 729 2595 qua
743 2519 947 2598 paedagogia,
967 2539 1025 2594 qua
1039 2520 1200 2597 religione,
1214 2540 1273 2596 quo
1288 2518 1384 2594 cultu,

175 2633 220 2695 20
242 2625 352 2700 quibua
374 2625 459 2684 libris
481 2645 536 2686 seu
557 2626 736 2686 authoribus
753 2636 926 2701 assuescat;
945 2647 1021 2703 quae
1041 2628 1139 2687 omnia
1155 2647 1215 2686 non
1233 2648 1288 2705 per
1309 2627 1385 2686 acci-

244 2733 333 2810 dens,
356 2733 410 2795 sed
439 2753 510 2794 vere
535 2753 592 2812 per
618 2753 665 2811 se,
694 2734 718 2793 si
748 2735 828 2794 mala
854 2735 987 2812 pessime
1015 2748 1068 2795 aut
1095 2734 1243 2811 deterius,
1264 2735 1290 2794 si
1308 2734 1388 2793 bona

243 2840 357 2918 optime
380 2849 433 2900 aut
458 2841 566 2901 melius
592 2842 746 2917 ingenium
774 2844 1007 2920 ingenerabunt,
1029 2850 1060 2903 et
1087 2862 1153 2902 cum
1181 2842 1239 2901 hoo
1264 2842 1386 2919 genium

243 2953 334 3018 atque
352 2947 514 3007 fortunam.

770 3163 864 3229 LIII.

177 3411 220 3473 25
334 3390 515 3456 Generalis
539 3391 748 3476 cogitativae
774 3391 916 3455 effectus
936 3396 970 3453 ei
990 3397 1101 3472 actus,
1126 3391 1162 3455 in
1183 3414 1249 3475 quo
1270 3413 1388 3455 omnes

244 3537 354 3581 mores
373 3524 407 3580 et
427 3539 527 3581 omne
548 3517 758 3602 cognitionis
777 3538 886 3601 genus
918 3522 969 3581 est
992 3515 1191 3595 fundatum,
1217 3523 1268 3579 est
1288 3515 1386 3597 fides,

244 3664 330 3725 quae
350 3642 539 3727 requiritur
563 3643 676 3707 activo
700 3642 737 3706 in
762 3650 937 3728 operante,
964 3648 998 3706 et
1024 3640 1160 3727 passive
1185 3640 1222 3704 in
1246 3648 1387 3726 operato

244 3791 303 3833 seu
323 3767 477 3833 subiecto
497 3768 722 3855 operationis,
738 3767 796 3831 sed
816 3767 1017 3854 praesertim
1034 3766 1171 3852 passiva
1192 3766 1259 3831 ista
1276 3766 1389 3850 requi-

244 3892 331 3957 ritur
354 3895 392 3958 in
422 3893 515 3958 omni
540 3893 710 3972 subiecto,
740 3893 905 3977 sineque
935 3914 1045 3977 neque
1075 3892 1244 3957 naturalis
1276 3912 1387 3976 neque

255 4104 575 4111 -.-...---..
599 4104 783 4110 ..--.....-..--
792 4103 1385 4113 --———-—------——-—---—-

337 4235 359 4281 1.
370 4232 385 4280 2
401 4230 549 4296 iugulatos
563 4245 650 4281 vanas
666 4230 689 4284 0
750 4232 774 4281 2.
787 4230 801 4278 7
818 4230 892 4279 Item
903 4259 931 4266 -
943 4229 1086 4291 Ligustici
1100 4229 1129 4279 ia
1141 4244 1227 4294 marg.
1245 4232 1333 4294 (senza
1350 4231 1387 4281 ri-

243 4311 423 4376 cliiamotffli
468 4311 530 4361 2et
547 4308 793 4361 ouixconiceCl!
838 4309 1017 4368 4Albertua]
1035 4311 1386 4374 aropraapatsquq.

245 4395 275 4443 10
292 4395 407 4443 valeant
419 4409 469 4443 ont.
483 4394 506 4443 0
569 4393 599 4442 12
613 4393 689 4457 quod
703 4390 745 4440 ll:
761 4405 832 4456 quas
849 4390 870 4440 0
934 4392 962 4440 17
976 4392 1071 4440 anime
1083 4398 1167 4456 (segur
1174 4391 1276 4454 parole
1287 4391 1387 4440 canoel·

245 4475 312 4540 lata)
326 4473 368 4524 M:
383 4476 497 4524 animus
514 4476 535 4526 (ζ’
599 4473 630 4522 25
647 4473 802 4523 Generatio
820 4472 842 4523 0
902 4472 934 4521 28
950 4473 1007 4522 ista
1020 4473 1135 4538 passiva
1150 4474 1171 4523 t'

378 4573 456 4612 linum
472 4570 525 4619 Opp.
540 4569 580 4608 lut.
597 4568 638 4607 111.
1200 4567 1227 4609 62
