3488 5108
740 391 784 436 nx
803 391 918 436 naara.
1341 379 1397 437 451

258 547 341 612 boni
359 548 413 612 val
429 547 512 614 mali
532 549 673 635 spiritus
688 557 723 615 at
741 551 913 638 principia
929 551 1163 617 intentionum
1182 558 1400 617 enascuntur.

259 671 359 739 Unde
389 680 510 739 mutua
530 676 697 759 quaedam
721 676 967 763 consequentia
991 684 1057 758 est,
1090 675 1232 741 attalia
1257 698 1400 763 corpora

260 797 347 863 tales
367 799 512 881 animae,
538 800 624 865 tales
644 801 779 866 animae
806 801 890 866 talia
910 823 1054 888 corpora
1082 800 1120 866 in
1139 801 1401 867 consistentiam

257 923 466 1009 producant,
480 925 577 991 iuxta
590 926 867 1010 substantiolam,
887 949 990 1012 quam
1006 927 1196 1014 appellant,
1214 933 1249 991 at
1267 924 1402 1012 specifi-

213 1057 333 1121 5oam
362 1049 594 1118 differentiam
618 1060 722 1139 atque
741 1053 1018 1135 subsistentiam;
1043 1055 1094 1119 ita
1120 1059 1155 1118 et
1178 1052 1403 1118 advenientes

257 1183 292 1240 at
322 1176 522 1242 accedentes
545 1177 607 1243 alii
636 1178 780 1266 spiritus
806 1186 947 1266 propter
976 1178 1203 1244 accidentales
1234 1177 1400 1263 quasdam

257 1302 510 1389 complexiones
528 1303 584 1369 val
603 1303 756 1369 subiecta
780 1303 915 1392 corpori
933 1303 1066 1369 adiecta
1088 1303 1243 1391 sequitur
1259 1303 1400 1390 praedo·

257 1425 403 1492 minium
435 1427 521 1494 illud
551 1428 673 1494 furiosi
702 1429 859 1516 spirituo,
892 1428 982 1515 quod
1013 1434 1115 1516 salue
1145 1427 1299 1494 emedio
1323 1428 1400 1493 tolli
1425 1432 1565 1497 '73⁷0

256 1557 387 1638 potest,
404 1558 479 1618 turn
496 1551 747 1638 incantatione,
762 1576 886 1640 nempe
905 1552 1077 1619 rhetorica
1097 1553 1171 1636 illa,
1188 1560 1223 1618 at
1238 1552 1348 1618 amica
1368 1559 1402 1617 et

193 1681 235 1745 10
259 1676 390 1742 medica
411 1677 559 1762 quadam
578 1679 801 1765 persuasione
820 1678 982 1766 spiritum
1003 1679 1178 1744 obsessum
1197 1678 1400 1760 reficiendo,

257 1807 332 1866 tum
351 1802 577 1867 evacuatione
608 1826 667 1869 sen
687 1802 887 1890 expulsione
906 1803 1031 1869 noxiae
1055 1803 1220 1870 materiae
1244 1825 1305 1890 par
1323 1825 1403 1890 pur-

258 1925 377 2011 gativa
404 1926 603 2014 pharmaca,
632 1934 708 1993 turn
736 1951 798 2015 per
827 1929 1004 1994 commoda
1028 1927 1187 2012 Iovialia,
1208 1927 1342 1994 Solaria
1367 1938 1402 1994 et

257 2051 326 2117 alia
342 2052 435 2118 vitae
452 2052 622 2119 humanae
638 2055 864 2140 congruentia
883 2055 1107 2138 nutrimenta,
1122 2077 1208 2140 quae
1222 2054 1402 2120 materiam

257 2177 433 2243 meliorem
453 2179 593 2266 spiritui
612 2179 811 2261 subiiciaut,
832 2179 889 2246 vel
907 2180 1110 2246 deteriorem
1128 2180 1235 2263 illam,
1260 2203 1346 2265 quae
1366 2180 1402 2245 in

193 2305 234 2369 15
258 2305 529 2392 complexionem
546 2305 721 2371 interdum
741 2306 882 2388 transit,
899 2306 1063 2393 mitigent
1080 2313 1114 2372 et
1131 2313 1401 2393 contemperent.

259 2429 316 2496 Sic
334 2454 447 2517 neque
476 2432 620 2519 spiritus
643 2455 748 2519 opera
777 2433 861 2497 haec
890 2432 1012 2499 vitalia
1042 2440 1077 2498 at
1097 2432 1265 2499 animalia
1294 2455 1406 2520 perse·

259 2556 391 2640 quitur,
414 2579 524 2643 nequa
544 2557 618 2622 sine
637 2557 764 2644 spiritu
792 2579 915 2644 corpus
939 2557 1100 2638 assumit;
1122 2558 1268 2623 adhaec
1293 2557 1402 2643 igitur

259 2681 332 2747 sive
351 2681 439 2747 bene
472 2683 544 2748 sive
573 2683 663 2748 male
692 2684 764 2748 sive
798 2706 861 2770 pro
881 2684 1016 2749 ratione
1050 2683 1176 2771 speciei
1195 2683 1267 2749 sive
1303 2690 1400 2748 extra

258 2808 383 2893 speciei
406 2808 578 2873 rationem
598 2808 839 2875 constituenda
859 2808 1072 2895 principium
1092 2809 1271 2874 materiale
1290 2810 1402 2894 requi-

191 2937 235 3002 ‘20
257 2932 360 3014 ritur,
386 2942 419 2997 et
450 2933 637 3000 secrmdum
663 2957 772 3021 genus
797 2934 940 3000 formale
975 2957 1034 2999 seu
1067 2932 1226 2998 efficiens.
1255 2933 1401 2998 Interim

258 3057 342 3122 satis
361 3058 568 3124 rationabile
587 3067 646 3143 ast,
667 3067 706 3124 ut
721 3059 764 3124 ad
779 3059 993 3126 curationem
1011 3059 1234 3146 perturbatae
1253 3058 1400 3145 phanta-

258 3182 328 3247 siae
355 3188 390 3247 et
415 3183 458 3247 ad
487 3184 694 3250 solutionem
727 3185 857 3250 interni
885 3208 1004 3250 sensus
1028 3184 1093 3250 hoc
1121 3191 1222 3270 paoto
1247 3182 1400 3248 devincti

259 3307 404 3395 simplex
428 3309 611 3376 humorum
630 3311 792 3397 purgatio
817 3311 1032 3398 simplexque
1055 3310 1169 3376 victus
1193 3309 1282 3375 ratio
1310 3307 1402 3374 suffi-

259 3432 342 3515 ciat,
367 3456 438 3499 non
461 3444 642 3523 propterea
674 3443 791 3501 tamen
815 3435 1046 3519 concluditur,
1066 3444 1105 3501 ut
1125 3435 1301 3501 concludit
1331 3435 1399 3520 qui-

191 3562 234 3626 25
258 3559 336 3626 dam
366 3561 613 3648 pinguissimae
642 3564 819 3628 Minervae
851 3563 1014 3645 medicae,
1041 3564 1100 3649 qui
1126 3564 1189 3629 sub
1217 3563 1321 3627 titulo
1347 3562 1401 3626 De

259 3687 433 3752 occultis
469 3697 641 3754 naturae
672 3689 884 3754 miraculis
914 3690 1031 3776 plures
1069 3689 1215 3776 protulit
1251 3688 1400 3775 ineptias

259 3835 363 3897 quam
386 3814 501 3900 potuit
526 3815 660 3879 litteras
690 3823 725 3879 et
755 3815 906 3901 syllabas
925 3837 1077 3898 exarare,
1102 3815 1222 3901 quiex
1246 3836 1284 3880 eo
1310 3814 1401 3898 quod

257 3960 319 4023 per
338 3961 507 4004 secessum
527 3946 561 4004 et
580 3938 762 4005 humorum
782 3941 1040 4017 valcuationem
1059 3940 1148 4005 tales
1164 3939 1307 4026 spiritus
1324 3961 1401 4003 curn
1426 3948 1581 4012 26vM

359 4230 566 4280 lenasountur
583 4227 623 4276 M:
643 4233 817 4278 enascantur
840 4228 862 4277 O
923 4227 938 4274 4
960 4224 1180 4276 substantialem
1203 4225 1243 4275 M:
1269 4226 1400 4276 substan-

257 4309 373 4360 tismC
434 4309 611 4359 9rathorica
635 4312 656 4360 (Ι
718 4310 756 4357 ll.
770 4310 800 4358 12
820 4323 893 4373 purg
913 4307 1067 4372 purgativa
1089 4305 1132 4355 Μ1
1198 4309 1228 4357 le
1249 4307 1361 4357 innanzi
1383 4324 1400 4354 a

257 4391 392 4453 mitigant
413 4390 532 4440 cancella
554 4404 619 4439 mox
638 4389 672 4453 (7)
690 4389 722 4438 M
784 4391 972 4438 maresa
995 4389 1020 4437 is
1038 4387 1160 4437 occultis
1183 4387 1214 4436 l!
1275 4386 1400 4437 2751113-

255 4470 307 4520 baa
323 4472 345 4520 t'
405 4473 437 4521 28
453 4470 836 4521 secessumtlzsuecessum
852 4472 874 4521 U
932 4467 1192 4532 flavaouationem
