3488 5108
893 452 1030 499 tonnam
1051 451 1152 498 anui

732 888 806 962 DE
850 883 1040 963 CAVSIS
1083 885 1314 974 DOLORIS

893 1146 1014 1187 Tractatus
1030 1146 1060 1185 8⁸.
1077 1145 1132 1198 Cap.
1147 1147 1167 1186 1.

542 1497 553 1538 s
570 1493 588 1532 1.
608 1472 744 1539 Doloris
764 1496 886 1539 causae
905 1474 1038 1541 duobus
1057 1475 1168 1541 modis
1183 1475 1280 1558 fiunt,
1301 1475 1392 1541 etad
1410 1477 1498 1543 istos
1514 1477 1611 1544 duos

453 1599 570 1665 modos
590 1606 799 1666 concurrunt
816 1622 934 1666 omnes
954 1599 1073 1667 domus
1093 1600 1173 1666 talis
1193 1601 1437 1668 circulationis.

408 1729 429 1790 ὅ
541 1751 552 1793 s
569 1748 598 1786 u.
624 1729 760 1792 Primus
773 1727 894 1792 modus
914 1735 965 1792 est
977 1734 1134 1814 respectu
1152 1728 1363 1814 repletionis
1380 1751 1468 1814 quae
1488 1728 1608 1816 reple-

452 1856 502 1920 tio
522 1854 666 1941 impedit
685 1853 864 1919 domorum
883 1861 997 1920 motus
1016 1854 1118 1921 unius
1134 1855 1176 1918 ad
1198 1853 1316 1936 aliam3
1331 1854 1427 1920 etsie
1443 1856 1606 1920 clamant

452 2003 513 2066 per
526 1979 678 2045 dolorem
696 1979 882 2044 instinctus
898 1987 932 2043 et
948 1979 1123 2065 appetitus
1136 1980 1320 2062 naturales
1334 1980 1424 2045 sicut
1438 1980 1474 2045 in
1494 1980 1604 2046 domo

452 2105 494 2169 de
510 2105 573 2170 Aa
587 2111 639 2170 est
655 2104 814 2170 alteratio
833 2125 894 2189 per
912 2104 1051 2169 domum
1068 2105 1110 2169 de
1125 2105 1201 2190 OG,
1223 2106 1303 2191 quia
1323 2107 1449 2171 clamat
1468 2106 1533 2170 ΑΕ
1553 2105 1605 2171 si-

451 2231 653 2316 gnificativo
675 2230 775 2297 modo
793 2252 855 2317 per
875 2231 1039 2312 dolorem,
1059 2231 1148 2296 siout
1166 2231 1267 2297 homo
1288 2232 1440 2297 clamans
1462 2232 1607 2297 adiuto-

388 2361 430 2425 10
451 2357 542 2422 rium
559 2380 620 2443 per
648 2357 813 2423 timorem.
835 2357 880 2420 Et
899 2355 948 2421 sio
973 2355 1125 2434 medicus
1144 2356 1246 2422 debet
1265 2357 1399 2445 aperire
1417 2379 1533 2444 poros,
1557 2366 1603 2424 ut

453 2490 566 2548 motus
585 2504 656 2547 non
675 2482 721 2546 sit
738 2481 937 2568 impeditus.

542 2628 611 2674 s111.
632 2609 811 2674 Secundus
836 2609 957 2674 modus
986 2617 1037 2675 est
1064 2631 1125 2696 per
1154 2609 1353 2676 scissionem
1378 2610 1514 2694 circuli,
1540 2610 1602 2677 de-

453 2736 617 2803 struendo
638 2736 934 2803 continuationem
954 2743 1068 2802 motus
1083 2759 1146 2823 per
1164 2737 1309 2802 vulnera
1336 2737 1409 2803 sive
1437 2737 1543 2819 ictus;
1564 2746 1603 2803 et

452 2866 520 2929 ista
540 2885 622 2928 cura
636 2862 787 2949 pertinet
804 2860 844 2925 ad
864 2861 1085 2947 cirurgicum,
1105 2864 1345 2949 coniungendo
1361 2872 1496 2950 partem
1516 2887 1600 2930 cum

387 2986 427 3048 lo
450 2998 562 3075 parte,
587 3010 691 3051 unam
723 2995 857 3072 partem
885 2988 922 3051 in
951 2988 1054 3052 aliam
1084 2988 1252 3055 trahendo
1283 3012 1343 3075 per
1375 2990 1600 3055 concordiam

452 3114 674 3198 qualitatum,
696 3113 973 3177 contrarietatem
1000 3114 1205 3178 removendo
1225 3097 1469 3200 impedientem
1491 3120 1495 3201 Ι
1517 3139 1602 3181 con·
1632 3124 1742 3187 175

452 3239 678 3322 lunationem,
710 3240 799 3304 sicut
827 3261 1001 3305 removero
1030 3240 1170 3305 domum
1200 3241 1240 3305 de
1265 3242 1325 3305 OG
1350 3265 1369 3306 a
1393 3242 1492 3307 domo
1518 3243 1600 3326 ΑΕ,

451 3365 713 3451 multiplicando
748 3365 895 3429 calorem
931 3367 965 3427 iu
999 3364 1028 3427 A
1058 3376 1178 3430 contra
1202 3364 1432 3451 frigiditatem
1465 3368 1524 3432 OG
1562 3376 1602 3432 et

451 3490 692 3554 humiditatem
708 3497 828 3555 contra
846 3491 1038 3555 siccitatem
1055 3490 1125 3571 OG,
1141 3500 1179 3556 ut
1199 3499 1394 3557 revertatur
1410 3494 1501 3558 linea
1519 3515 1599 3559 uon-

384 3617 427 3679 20
452 3615 549 3679 tinna
568 3616 605 3680 in
624 3615 778 3702 patiente
798 3639 858 3701 per
883 3638 986 3700 (luam
1010 3623 1163 3680 transeat
1195 3624 1307 3681 motus
1327 3618 1534 3702 qualitatum
1562 3629 1600 3684 et

451 3741 604 3805 subiecta
628 3763 757 3822 eorum3
778 3749 812 3806 et
832 3743 1007 3828 appetitus
1027 3766 1097 3808 non
1117 3719 1236 3808 dolent
1251 3767 1314 3809 nec
1330 3744 1528 3810 instinctus.
1549 3747 1599 3811 Et

450 3867 492 3931 ad
512 3867 576 3932 hoc
600 3876 634 3931 et
658 3868 785 3932 similia
807 3891 892 3954 opus
912 3877 964 3933 est
984 3869 1075 3952 quod
1095 3869 1287 3954 cirurgicus
1305 3879 1489 3956 cognoscat
1507 3894 1598 3936 com-

450 3993 625 4077 plexiones
646 3997 799 4059 omnium
820 3997 1051 4060 membrorum
1071 3997 1233 4081 hominis,
1255 4009 1358 4083 prout
1382 4000 1419 4063 in
1440 4000 1598 4064 conside-

449 4120 582 4185 ratione
602 4118 798 4205 philosophi
818 4121 987 4186 naturalis
1016 4122 1173 4208 superius
1202 4122 1387 4189 deductum
1415 4135 1475 4189 est.
1505 4125 1597 4191 Nam

529 4439 1193 4506 iuppettitusX,ecosiquasiscmprcinseyuito
1241 4443 1272 4491 10
1283 4443 1425 4508 porrosX
1471 4445 1597 4496 15111111

449 4520 588 4568 trahendo
604 4519 632 4568 X
637 4523 643 4554 ¹
708 4520 747 4568 23.
758 4522 789 4570 24
806 4521 834 4570 in
850 4541 866 4569 a
881 4540 897 4570 a
913 4540 928 4569 e
945 4522 1175 4574 consideratione
1189 4524 1217 4573 X
1222 4527 1230 4559 ¹
1294 4527 1326 4575 21
1343 4524 1380 4575 sic
1394 4525 1426 4575 Μ
