3488 5108
641 425 685 468 DE
705 425 856 472 vmcvms
876 426 912 470 iu
926 425 1077 497 ,unumne

652 679 799 720 vinculorum
815 679 952 719 distributio.
970 679 1019 719 Art.
1036 681 1063 720 X.

377 849 432 914 Ad
450 859 566 914 actum
585 848 775 935 perfectum
794 848 947 936 perfecta
966 849 1181 932 vinciuntur,
1202 849 1353 915 nobilem
1373 870 1433 914 no·

287 974 372 1040 bilia
401 973 457 1040 vel
488 973 689 1053 nobilitata3
722 974 766 1039 ad
799 972 1041 1062 imperfectum
1080 997 1161 1040 vero
1190 982 1225 1039 et
1257 973 1430 1040 defectum

287 1101 489 1165 vinciuntur
508 1122 547 1164 ea
574 1100 612 1164 in
636 1099 762 1184 quibus
791 1100 907 1185 aliqua
930 1106 981 1165 est
1000 1099 1215 1186 imperfectio
1243 1106 1348 1186 atque
1372 1099 1429 1165 de·

244 1218 407 1292 efectus.
428 1227 509 1292 Ideo
528 1224 657 1290 dictum
689 1232 741 1291 est
767 1226 804 1291 in
835 1225 1069 1312 superioribus
1092 1224 1225 1312 aliquid
1253 1224 1431 1291 vinciendi

288 1351 410 1417 debere
429 1375 500 1416 esse
519 1350 557 1415 in
576 1350 760 1416 vinciente.
781 1350 901 1416 Puella
924 1351 1065 1416 omnino
1090 1358 1197 1432 casta,
1228 1351 1265 1414 in
1293 1372 1361 1436 qua
1383 1350 1432 1415 fo·

288 1477 382 1543 mitis
406 1477 537 1542 semina
558 1475 652 1542 nulla
672 1475 878 1558 consistant,
899 1476 942 1540 ad
961 1475 1143 1541 libidinem
1174 1476 1271 1541 nulla
1298 1483 1372 1540 arte
1397 1485 1432 1540 et

288 1602 382 1668 nullo
406 1613 499 1666 astro
528 1601 694 1683 vincitur,
716 1601 744 1664 si
764 1623 835 1665 non
862 1607 1043 1686 tangatur,
1075 1601 1103 1665 si
1133 1622 1203 1665 non
1223 1601 1431 1686 attingatur,

288 1730 360 1791 sinc
381 1726 547 1812 (inquam)
572 1725 840 1814 participatione
856 1726 929 1791 eius
958 1725 1001 1790 ad
1027 1748 1148 1790 manus
1175 1725 1373 1807 vinolentis,
1398 1734 1433 1791 et

224 1851 265 1913 li)
287 1853 361 1916 sine
389 1851 505 1935 aliqua
531 1851 731 1937 profusione
757 1873 776 1915 a
806 1873 912 1917 manu
939 1849 1124 1915 vincientis
1155 1850 1198 1916 ad
1228 1850 1348 1937 ipsam.
1380 1848 1432 1914 De

286 1976 471 2041 immatura
500 1975 587 2041 nihil
615 1974 756 2060 loquar,
781 1975 817 2039 in
845 1974 1004 2040 omnibus
1026 1976 1118 2040 enim
1143 1975 1278 2040 actibus
1303 1977 1434 2039 semine

289 2102 436 2187 quodam
448 2123 533 2187 opus
553 2110 612 2183 est,
630 2101 761 2166 semina
775 2122 855 2166 vero
872 2100 988 2166 omnia
1000 2123 1069 2165 non
1081 2101 1211 2186 ubique
1223 2100 1431 2187 prolificant.

287 2228 492 2313 Aegrotum,
514 2249 643 2308 senem,
663 2224 840 2312 frigidum,
859 2226 1032 2308 mutilum,
1055 2227 1131 2311 quis
1149 2248 1218 2291 non
1238 2225 1368 2290 frustra
1390 2226 1433 2291 ir·

288 2352 391 2417 retire
410 2350 612 2436 conabitur,
631 2359 771 2417 econtra
790 2373 919 2416 verosa
935 2349 1120 2416 habentem
1135 2351 1213 2436 quis
1228 2373 1298 2416 non
1315 2350 1431 2438 impli-

223 2471 264 2535 15
288 2477 388 2542 care?
408 2477 449 2541 In
469 2475 632 2543 civilibus
650 2476 800 2542 vinculis
819 2477 1077 2564 proportionale
1096 2476 1237 2542 omnino
1255 2475 1358 2542 facile
1377 2486 1429 2542 est

286 2600 462 2667 iudicium.

671 2826 817 2866 vinculorum
832 2826 923 2875 gradus.
940 2826 989 2865 Ari.
1007 2825 1046 2864 Xl.

375 2995 443 3059 Res
460 2994 497 3058 in
515 2993 673 3059 universo
694 2994 743 3059 ita
762 3003 844 3060 sunt
864 2994 1056 3077 ordinatae,
1077 2992 1171 3059 utin
1192 3016 1260 3059 uua
1281 2993 1430 3079 quadam

288 3120 544 3186 coordinatione
578 3118 783 3202 consistant,
813 3119 920 3184 itaut
954 3117 1118 3184 continuo
1148 3118 1297 3205 quodam
1332 3116 1430 3204 quasi

219 3247 264 3310 20
286 3245 381 3311 fluxu
402 3246 445 3310 ab
476 3244 635 3310 omnibus
654 3245 848 3331 progressio
868 3244 940 3309 fieri
960 3243 1070 3331 possit
1089 3243 1132 3308 ad
1151 3243 1275 3309 omnia.
1295 3244 1429 3309 Horum

286 3370 459 3435 vernalia
485 3369 562 3435 aliis
590 3369 788 3435 immediate
818 3369 1015 3455 cohaerent,
1045 3371 1135 3435 sicut
1164 3370 1208 3436 ad
1236 3370 1429 3435 naturalem

285 3499 573 3584 propagationem
603 3494 755 3562 eiusdem
779 3495 904 3582 speciei
927 3494 1123 3578 individue,
1147 3502 1182 3560 et
1203 3496 1240 3560 in
1260 3494 1313 3561 his
1332 3494 1429 3560 fami·

285 3622 385 3688 liaria
408 3630 489 3688 sunt
516 3621 655 3686 vincula
679 3627 826 3707 cognata
846 3628 881 3685 et
899 3620 1075 3686 facillima.
1101 3621 1180 3686 Alia
1203 3642 1285 3686 vero
1308 3619 1430 3686 mediis

288 3748 493 3834 quibusdam
517 3747 800 3832 subordinantur,
824 3755 859 3812 et
882 3746 991 3813 inhia
1011 3748 1124 3813 media
1142 3747 1258 3813 omnia
1277 3754 1431 3834 pertran-

219 3880 262 3943 25
286 3873 353 3938 sire
376 3880 513 3959 oportet
536 3881 571 3938 et
593 3879 773 3959 penetrare
797 3873 1062 3958 quodammode,
1083 3882 1122 3939 ut
1150 3897 1170 3939 a
1195 3873 1369 3939 vinciente
1393 3873 1430 3939 in

285 4000 451 4065 vincibile
474 4000 614 4065 vincula
637 3998 898 4085 protendantur.
915 4001 1037 4086 ltaque
1061 4000 1217 4082 numina,
1235 4023 1297 4087 per
1315 4021 1429 4065 rerum

1128 4269 1177 4308 rinc

366 4316 1020 4386 5insuperioribusw672,14;cs.p.644,27
1069 4318 1254 4370 esaiam
1299 4320 1337 4370 18.
1350 4321 1380 4371 14
1393 4321 1428 4383 cs.

284 4399 515 4464 paratura?
562 4399 976 4449 remanentiam
1026 4399 1201 4452 laminii
1245 4395 1430 4455 aofluxalti

286 4481 317 4530 23
335 4482 435 4530 inediis
447 4479 478 4530 M
483 4474 506 4530 ⁰:
523 4481 611 4544 vulgo
626 4479 659 4529 M
662 4473 676 4512 s
