3488 5108
733 385 874 432 mamm
895 386 996 431 1312er

668 821 743 894 Du
787 819 1060 897 PVLSIBVS.

385 1174 522 1262 Species
541 1174 703 1260 pulsuum
722 1174 760 1239 in
778 1172 932 1259 generali
950 1181 1033 1240 suut
1046 1171 1265 1259 potissimum
1285 1178 1445 1257 quatuor

296 1299 340 1366 ad
353 1298 633 1365 demostrandum
653 1299 889 1387 operationem
904 1305 1052 1382 quatuor
1068 1298 1325 1365 elementorum.
1352 1296 1445 1385 Ope·

296 1425 384 1491 ratio
409 1425 533 1513 incipit
556 1424 727 1510 lucardo,
749 1423 839 1509 quod
862 1431 1011 1511 quatuor
1036 1424 1112 1510 ipsa
1135 1424 1305 1491 elementa
1327 1423 1445 1489 mittit

252 1561 273 1625 5
295 1575 357 1641 per
375 1574 493 1618 omnes
507 1558 624 1638 partes
640 1549 802 1638 corporis,
822 1550 935 1616 dando
953 1550 1104 1616 maxime
1119 1549 1204 1637 ipsis
1219 1548 1381 1638 partibus
1398 1549 1442 1631 B,

296 1686 336 1743 ut
365 1677 529 1744 fortificet
557 1677 595 1741 in
622 1677 707 1764 ipsis
735 1676 882 1742 calorem
912 1676 1120 1759 naturalem,
1145 1684 1180 1741 et
1204 1674 1373 1743 servando
1404 1683 1444 1742 et

296 1803 475 1868 retinendo
498 1802 565 1868 sibi
584 1803 629 1885 D,
651 1824 695 1867 ne
713 1802 863 1868 maxima
886 1801 1101 1867 abundantia
1120 1801 1228 1889 ipsius
1250 1802 1280 1866 A
1300 1801 1351 1867 ibi
1371 1801 1446 1866 exi·

295 1927 419 1993 steutis
446 1927 559 2015 ipsum
579 1950 636 1993 cor
655 1927 764 2014 possit
783 1926 964 1993 destruere.

598 2199 633 2240 De
648 2199 713 2250 pulsu
727 2197 871 2249 significante
885 2198 1011 2253 domlnlum
1025 2197 1139 2239 cholerae.

233 2418 275 2483 10
388 2409 533 2490 Quando
549 2409 607 2477 Bo
621 2410 819 2476 dominatur
833 2408 871 2475 in
887 2431 1028 2497 corpore
1044 2410 1174 2496 alique,
1191 2411 1313 2498 pulsus
1328 2411 1442 2501 ipsius

297 2538 382 2605 facit
405 2537 442 2602 in
461 2536 621 2603 omnibus
646 2541 795 2620 quatuor
813 2535 933 2621 digitis
957 2534 1184 2622 tangentibus
1211 2536 1326 2625 ipsum
1354 2537 1443 2606 duos

298 2665 401 2747 ictus,
419 2662 493 2748 [hcc
517 2664 579 2748 est]
596 2667 631 2726 et
650 2661 738 2726 illud
760 2660 837 2727 ideo
857 2661 939 2746 quia
957 2660 995 2725 in
1018 2661 1267 2748 compositione
1286 2662 1445 2731 cholerae

298 2789 451 2854 existunt
469 2811 489 2852 a
519 2785 755 2874 praedominio
786 2785 861 2872 ipsa
889 2785 964 2867 ΒΟ,
986 2808 1132 2871 quorum
1152 2786 1332 2872 quodlibet
1355 2786 1445 2853 facit

297 2915 405 2979 ictum
420 2932 736 2995 unum,1musvero
750 2910 839 2975 ictus
851 2911 1026 2996 praecedit
1045 2911 1193 2977 alterum
1206 2918 1240 2976 et
1259 2919 1312 2977 est
1330 2914 1443 2978 maior

194 3095 196 3099 ,
235 3048 276 3112 15
299 3040 417 3120 altero,
435 3046 469 3102 et
483 3060 571 3102 unus
583 3058 653 3101 non
666 3036 817 3123 percutit
831 3036 868 3100 in
880 3037 954 3100 loco
968 3058 1035 3120 quo
1048 3037 1199 3123 pereutit
1214 3037 1316 3119 alter;
1330 3037 1443 3103 maior

300 3163 391 3228 enim
420 3170 471 3228 est
498 3161 671 3249 percussio
702 3162 810 3247 ipsius
831 3162 873 3244 B,
898 3168 933 3225 et
956 3168 1037 3226 ante
1067 3162 1107 3227 fit
1132 3185 1236 3248 quam
1266 3163 1445 3250 percussio

299 3288 408 3376 ipsius
438 3287 481 3368 03
513 3286 634 3353 ambae
662 3309 743 3353 vero
778 3289 873 3373 ipsae
907 3287 1143 3373 percussiones
1176 3287 1374 3353 immediate
1405 3296 1442 3353 et

300 3414 415 3480 subito
431 3412 519 3478 fiunt
538 3436 608 3478 una
624 3420 703 3498 post
721 3411 838 3493 aliam,
856 3419 891 3475 et
908 3417 989 3476 sunt
1002 3411 1171 3478 acutiores
1191 3421 1225 3477 et
1243 3412 1442 3496 velociores,

300 3548 334 3605 et
352 3539 457 3604 etiam
477 3562 554 3604 cum
573 3538 695 3603 maiori
714 3538 888 3602 vacuitate
904 3537 1064 3618 arteriae,
1083 3559 1185 3621 quam
1205 3537 1444 3624 percussiones

234 3669 279 3733 20
301 3664 413 3730 factae
440 3665 597 3751 inpulsu
628 3663 779 3749 corporis
799 3662 946 3727 aliarum
971 3662 1257 3749 complexionum.
1287 3663 1354 3727 Per
1373 3686 1445 3730 mo·

301 3791 430 3855 tionem
458 3790 551 3855 enim
580 3788 691 3854 cordis
710 3789 740 3852 B
759 3786 819 3852 dat
842 3789 1097 3874 percussionem
1129 3811 1234 3854 unam
1265 3788 1333 3875 ipsi
1351 3788 1384 3853 A
1402 3796 1445 3854 ut

301 3922 453 3980 trauseat
473 3915 516 3979 ad
536 3914 580 3997 D,
600 3914 632 3978 A
653 3935 732 3978 vero
752 3912 838 3978 facit
856 3936 961 3978 unam
984 3915 1240 4000 percussionem
1264 3914 1330 4001 ipsi
1350 3913 1382 3978 D
1403 3922 1445 3980 ut

301 4062 408 4125 usque
427 4041 470 4105 ad
489 4041 603 4126 ipsum
621 4040 731 4126 possit
749 4039 897 4104 transire
913 4041 956 4121 B,
976 4047 1010 4104 et
1031 4041 1062 4104 D
1082 4040 1167 4105 facit
1185 4063 1290 4105 unam
1306 4062 1445 4127 percus-

394 4358 511 4405 dcausn
527 4355 701 4407 fortificandi
723 4356 752 4405 X
764 4356 835 4405 Lull.
903 4358 931 4406 1³2
948 4358 1001 4406 hoc
1022 4356 1076 4424 est]
1100 4365 1128 4416 ÷
1152 4358 1195 4408 M:
1211 4358 1303 4407 om.X
1365 4361 1395 4408 15
1413 4361 1443 4409 in

301 4439 363 4489 loco
375 4438 404 4485 in
419 4453 475 4501 quo
490 4435 519 4485 X
529 4436 600 4486 Lull.
665 4436 695 4485 16
712 4446 741 4485 et
755 4445 858 4502 psante
872 4437 900 4484 M
909 4441 914 4472 ¹
980 4440 1010 4486 18
1026 4440 1110 4487 aliam
1122 4438 1151 4487 Χ
1165 4439 1248 4489 Lura:
1265 4441 1322 4488 alia
1335 4438 1366 4487 M

1468 833 1564 896 69²
