<?xml version="1.0" encoding="UTF-8"?>
<!DOCTYPE html PUBLIC "-//W3C//DTD XHTML 1.0 Transitional//EN"
    "http://www.w3.org/TR/xhtml1/DTD/xhtml1-transitional.dtd">
<html xmlns="http://www.w3.org/1999/xhtml" xml:lang="en" lang="en">
 <head>
  <title>
</title>
<meta http-equiv="Content-Type" content="text/html;charset=utf-8" />
  <meta name='ocr-system' content='tesseract 3.04.00' />
  <meta name='ocr-capabilities' content='ocr_page ocr_carea ocr_par ocr_line ocrx_word'/>
</head>
<body>
  <div class='ocr_page' id='page_1' title='image "./jordanibruninol05brungoog_0677.png"; bbox 0 0 3488 5108; ppageno 0'>
   <div class='ocr_carea' id='block_1_1' title="bbox 364 365 1065 426">
    <p class='ocr_par' dir='ltr' id='par_1_1' title="bbox 364 365 1065 426">
     <span class='ocr_line' id='line_1_1' title="bbox 364 365 1065 426; baseline 0.003 -4"><span class='ocrx_word' id='word_1_1' title='bbox 364 365 424 423; x_wconf 82' lang='lat'>610</span> <span class='ocrx_word' id='word_1_2' title='bbox 566 379 569 385; x_wconf 88' lang='lat'><em>·</em></span> <span class='ocrx_word' id='word_1_3' title='bbox 804 380 942 426; x_wconf 70' lang='lat' dir='ltr'>rounam</span> <span class='ocrx_word' id='word_1_4' title='bbox 962 380 1065 425; x_wconf 74' lang='lat' dir='ltr'>savar</span> 
     </span>
    </p>
   </div>
   <div class='ocr_carea' id='block_1_2' title="bbox 291 534 1517 1871">
    <p class='ocr_par' dir='ltr' id='par_1_2' title="bbox 361 534 1517 997">
     <span class='ocr_line' id='line_1_2' title="bbox 472 534 1517 624; baseline 0.002 -24"><span class='ocrx_word' id='word_1_5' title='bbox 472 536 514 600; x_wconf 90' lang='lat' dir='ltr'>In</span> <span class='ocrx_word' id='word_1_6' title='bbox 539 535 639 601; x_wconf 91' lang='lat' dir='ltr'>domo</span> <span class='ocrx_word' id='word_1_7' title='bbox 658 534 726 599; x_wconf 81' lang='grc' dir='ltr'>ΒΗ</span> <span class='ocrx_word' id='word_1_8' title='bbox 750 535 829 601; x_wconf 88' lang='lat' dir='ltr'>alba</span> <span class='ocrx_word' id='word_1_9' title='bbox 853 542 962 600; x_wconf 87' lang='lat' dir='ltr'>estet</span> <span class='ocrx_word' id='word_1_10' title='bbox 986 535 1079 601; x_wconf 89' lang='lat' dir='ltr'>clara</span> <span class='ocrx_word' id='word_1_11' title='bbox 1103 537 1205 602; x_wconf 88' lang='lat' dir='ltr'>urina</span> <span class='ocrx_word' id='word_1_12' title='bbox 1228 560 1290 624; x_wconf 91' lang='lat' dir='ltr'>per</span> <span class='ocrx_word' id='word_1_13' title='bbox 1320 558 1451 623; x_wconf 90' lang='lat' dir='ltr'>aquam</span> <span class='ocrx_word' id='word_1_14' title='bbox 1476 541 1517 602; x_wconf 89' lang='lat' dir='ltr'>et</span> 
     </span>
     <span class='ocr_line' id='line_1_3' title="bbox 361 658 1514 747; baseline 0 -22"><span class='ocrx_word' id='word_1_15' title='bbox 361 669 487 742; x_wconf 72' lang='lat' dir='ltr'>aerem3</span> <span class='ocrx_word' id='word_1_16' title='bbox 504 658 562 724; x_wconf 92' lang='lat' dir='ltr'>sed</span> <span class='ocrx_word' id='word_1_17' title='bbox 579 659 608 725; x_wconf 89' lang='lat' dir='ltr'>si</span> <span class='ocrx_word' id='word_1_18' title='bbox 624 682 685 746; x_wconf 88' lang='lat' dir='ltr'>per</span> <span class='ocrx_word' id='word_1_19' title='bbox 697 660 935 726; x_wconf 86' lang='lat' dir='ltr'>infirmitatem</span> <span class='ocrx_word' id='word_1_20' title='bbox 951 668 1003 726; x_wconf 90' lang='lat' dir='ltr'>est</span> <span class='ocrx_word' id='word_1_21' title='bbox 1020 662 1176 746; x_wconf 85' lang='lat' dir='ltr'>alterata,</span> <span class='ocrx_word' id='word_1_22' title='bbox 1193 662 1348 729; x_wconf 76' lang='lat' dir='ltr'>abundat</span> <span class='ocrx_word' id='word_1_23' title='bbox 1360 660 1514 747; x_wconf 87' lang='lat' dir='ltr'>nigredo</span> 
     </span>
     <span class='ocr_line' id='line_1_4' title="bbox 362 784 1516 853; baseline 0 -3"><span class='ocrx_word' id='word_1_24' title='bbox 362 793 481 850; x_wconf 87' lang='lat' dir='ltr'>contra</span> <span class='ocrx_word' id='word_1_25' title='bbox 501 784 696 850; x_wconf 79' lang='lat' dir='ltr'>albedinem</span> <span class='ocrx_word' id='word_1_26' title='bbox 720 806 797 850; x_wconf 91' lang='lat' dir='ltr'>cum</span> <span class='ocrx_word' id='word_1_27' title='bbox 815 784 997 851; x_wconf 76' lang='lat' dir='ltr'>luciditate</span> <span class='ocrx_word' id='word_1_28' title='bbox 1015 792 1051 851; x_wconf 90' lang='lat' dir='ltr'>et</span> <span class='ocrx_word' id='word_1_29' title='bbox 1073 787 1230 852; x_wconf 83' lang='lat' dir='ltr'>siccitate</span> <span class='ocrx_word' id='word_1_30' title='bbox 1250 794 1370 853; x_wconf 91' lang='lat' dir='ltr'>contra</span> <span class='ocrx_word' id='word_1_31' title='bbox 1392 785 1516 851; x_wconf 91' lang='lat' dir='ltr'>humi·</span> 
     </span>
     <span class='ocr_line' id='line_1_5' title="bbox 362 909 1019 997; baseline 0.002 -22"><span class='ocrx_word' id='word_1_32' title='bbox 362 910 509 976; x_wconf 82' lang='lat' dir='ltr'>ditatam</span> <span class='ocrx_word' id='word_1_33' title='bbox 526 909 714 975; x_wconf 85' lang='lat' dir='ltr'>inalbando</span> <span class='ocrx_word' id='word_1_34' title='bbox 734 909 1019 997; x_wconf 88' lang='lat' dir='ltr'>diaphanitatcm.</span> 
     </span>
    </p>

    <p class='ocr_par' dir='ltr' id='par_1_3' title="bbox 291 1034 1513 1623">
     <span class='ocr_line' id='line_1_6' title="bbox 291 1034 1512 1124; baseline 0.001 -24"><span class='ocrx_word' id='word_1_35' title='bbox 291 1047 337 1109; x_wconf 81' lang='lat'>&#39;5</span> <span class='ocrx_word' id='word_1_36' title='bbox 449 1035 492 1100; x_wconf 91' lang='lat' dir='ltr'>In</span> <span class='ocrx_word' id='word_1_37' title='bbox 511 1034 611 1100; x_wconf 92' lang='lat' dir='ltr'>domo</span> <span class='ocrx_word' id='word_1_38' title='bbox 632 1035 698 1099; x_wconf 85' lang='grc' dir='ltr'>ΑΗ</span> <span class='ocrx_word' id='word_1_39' title='bbox 722 1034 754 1098; x_wconf 81' lang='grc' dir='ltr'>Α</span> <span class='ocrx_word' id='word_1_40' title='bbox 771 1042 896 1121; x_wconf 85' lang='lat' dir='ltr'>regnat</span> <span class='ocrx_word' id='word_1_41' title='bbox 916 1058 978 1122; x_wconf 87' lang='lat' dir='ltr'>per</span> <span class='ocrx_word' id='word_1_42' title='bbox 995 1035 1241 1102; x_wconf 86' lang='lat' dir='ltr'>humiditatem</span> <span class='ocrx_word' id='word_1_43' title='bbox 1262 1043 1297 1102; x_wconf 89' lang='lat' dir='ltr'>et</span> <span class='ocrx_word' id='word_1_44' title='bbox 1316 1037 1351 1101; x_wconf 91' lang='lat' dir='ltr'>H</span> <span class='ocrx_word' id='word_1_45' title='bbox 1368 1035 1512 1124; x_wconf 86' lang='lat' dir='ltr'>patitur</span> 
     </span>
     <span class='ocr_line' id='line_1_7' title="bbox 361 1159 1513 1248; baseline 0 -23"><span class='ocrx_word' id='word_1_46' title='bbox 361 1183 422 1248; x_wconf 90' lang='lat' dir='ltr'>per</span> <span class='ocrx_word' id='word_1_47' title='bbox 447 1159 692 1247; x_wconf 63' lang='lat' dir='ltr'>frigiditatem</span> <span class='ocrx_word' id='word_1_48' title='bbox 715 1167 750 1224; x_wconf 92' lang='lat' dir='ltr'>et</span> <span class='ocrx_word' id='word_1_49' title='bbox 778 1159 860 1245; x_wconf 88' lang='lat' dir='ltr'>quia</span> <span class='ocrx_word' id='word_1_50' title='bbox 879 1159 911 1224; x_wconf 90' lang='lat' dir='ltr'><strong>A</strong></span> <span class='ocrx_word' id='word_1_51' title='bbox 931 1161 1005 1246; x_wconf 87' lang='lat' dir='ltr'>agit</span> <span class='ocrx_word' id='word_1_52' title='bbox 1028 1161 1066 1225; x_wconf 92' lang='lat' dir='ltr'>in</span> <span class='ocrx_word' id='word_1_53' title='bbox 1086 1161 1120 1226; x_wconf 90' lang='lat' dir='ltr'><strong>H</strong></span> <span class='ocrx_word' id='word_1_54' title='bbox 1139 1169 1174 1226; x_wconf 91' lang='lat' dir='ltr'>et</span> <span class='ocrx_word' id='word_1_55' title='bbox 1192 1182 1263 1227; x_wconf 88' lang='lat' dir='ltr'>non</span> <span class='ocrx_word' id='word_1_56' title='bbox 1282 1169 1438 1245; x_wconf 85' lang='lat' dir='ltr'>econtra,</span> <span class='ocrx_word' id='word_1_57' title='bbox 1458 1159 1513 1227; x_wconf 87' lang='lat' dir='ltr'>al-</span> 
     </span>
     <span class='ocr_line' id='line_1_8' title="bbox 361 1283 1512 1371; baseline 0.002 -22"><span class='ocrx_word' id='word_1_58' title='bbox 361 1292 494 1350; x_wconf 87' lang='lat' dir='ltr'>teratur</span> <span class='ocrx_word' id='word_1_59' title='bbox 511 1283 632 1349; x_wconf 87' lang='lat' dir='ltr'>domus</span> <span class='ocrx_word' id='word_1_60' title='bbox 642 1295 705 1371; x_wconf 84' lang='lat' dir='ltr'>pe&#39;r</span> <span class='ocrx_word' id='word_1_61' title='bbox 720 1284 969 1351; x_wconf 88' lang='lat' dir='ltr'>infirmitatem.</span> <span class='ocrx_word' id='word_1_62' title='bbox 985 1285 1123 1352; x_wconf 82' lang='lat' dir='ltr'>Colores</span> <span class='ocrx_word' id='word_1_63' title='bbox 1137 1285 1194 1350; x_wconf 77' lang='lat' dir='ltr'>OF</span> <span class='ocrx_word' id='word_1_64' title='bbox 1211 1286 1347 1352; x_wconf 89' lang='lat' dir='ltr'>intrant</span> <span class='ocrx_word' id='word_1_65' title='bbox 1365 1285 1512 1351; x_wconf 91' lang='lat' dir='ltr'>domum</span> 
     </span>
     <span class='ocr_line' id='line_1_9' title="bbox 362 1408 1513 1498; baseline 0.003 -24"><span class='ocrx_word' id='word_1_66' title='bbox 362 1409 559 1489; x_wconf 87' lang='lat' dir='ltr'>colorando,</span> <span class='ocrx_word' id='word_1_67' title='bbox 581 1409 673 1474; x_wconf 91' lang='lat' dir='ltr'>unde</span> <span class='ocrx_word' id='word_1_68' title='bbox 691 1409 792 1474; x_wconf 87' lang='lat' dir='ltr'>urina</span> <span class='ocrx_word' id='word_1_69' title='bbox 813 1417 865 1475; x_wconf 83' lang='lat' dir='ltr'>eat</span> <span class='ocrx_word' id='word_1_70' title='bbox 886 1408 1038 1495; x_wconf 85' lang='lat' dir='ltr'>confusa,</span> <span class='ocrx_word' id='word_1_71' title='bbox 1063 1417 1186 1498; x_wconf 89' lang='lat' dir='ltr'>utpote</span> <span class='ocrx_word' id='word_1_72' title='bbox 1206 1433 1293 1496; x_wconf 90' lang='lat' dir='ltr'>quae</span> <span class='ocrx_word' id='word_1_73' title='bbox 1312 1433 1354 1475; x_wconf 84' lang='lat' dir='ltr'>ex</span> <span class='ocrx_word' id='word_1_74' title='bbox 1372 1417 1513 1477; x_wconf 84' lang='lat' dir='ltr'>contra·</span> 
     </span>
     <span class='ocr_line' id='line_1_10' title="bbox 360 1534 1511 1623; baseline 0 -22"><span class='ocrx_word' id='word_1_75' title='bbox 360 1536 422 1602; x_wconf 85' lang='lat' dir='ltr'>riis</span> <span class='ocrx_word' id='word_1_76' title='bbox 446 1535 618 1617; x_wconf 83' lang='lat' dir='ltr'>coalescit;</span> <span class='ocrx_word' id='word_1_77' title='bbox 639 1542 675 1600; x_wconf 87' lang='lat' dir='ltr'>et</span> <span class='ocrx_word' id='word_1_78' title='bbox 696 1534 869 1601; x_wconf 88' lang='lat' dir='ltr'>contraria</span> <span class='ocrx_word' id='word_1_79' title='bbox 888 1542 1144 1620; x_wconf 84' lang='lat' dir='ltr'>cognoscuntur</span> <span class='ocrx_word' id='word_1_80' title='bbox 1162 1559 1224 1623; x_wconf 87' lang='lat' dir='ltr'>per</span> <span class='ocrx_word' id='word_1_81' title='bbox 1244 1536 1373 1603; x_wconf 89' lang='lat' dir='ltr'>colores</span> <span class='ocrx_word' id='word_1_82' title='bbox 1396 1537 1511 1602; x_wconf 89' lang='lat' dir='ltr'>bonos</span> 
     </span>
    </p>

    <p class='ocr_par' dir='ltr' id='par_1_4' title="bbox 300 1658 1512 1871">
     <span class='ocr_line' id='line_1_11' title="bbox 300 1658 1512 1748; baseline -0.004 -17"><span class='ocrx_word' id='word_1_83' title='bbox 300 1669 340 1730; x_wconf 89' lang='grc'><strong>10</strong></span> <span class='ocrx_word' id='word_1_84' title='bbox 362 1660 562 1726; x_wconf 89' lang='lat' dir='ltr'>interiectos</span> <span class='ocrx_word' id='word_1_85' title='bbox 581 1658 693 1744; x_wconf 76' lang='lat' dir='ltr'>malin,</span> <span class='ocrx_word' id='word_1_86' title='bbox 725 1668 760 1726; x_wconf 92' lang='lat' dir='ltr'>et</span> <span class='ocrx_word' id='word_1_87' title='bbox 780 1661 921 1727; x_wconf 90' lang='lat' dir='ltr'>omuino</span> <span class='ocrx_word' id='word_1_88' title='bbox 944 1682 1006 1748; x_wconf 87' lang='lat' dir='ltr'>per</span> <span class='ocrx_word' id='word_1_89' title='bbox 1025 1661 1232 1728; x_wconf 87' lang='lat' dir='ltr'>varietatem</span> <span class='ocrx_word' id='word_1_90' title='bbox 1261 1661 1512 1728; x_wconf 86' lang='lat' dir='ltr'>consistentiae</span> 
     </span>
     <span class='ocr_line' id='line_1_12' title="bbox 363 1785 857 1871; baseline 0 -21"><span class='ocrx_word' id='word_1_91' title='bbox 363 1792 397 1850; x_wconf 91' lang='lat' dir='ltr'>et</span> <span class='ocrx_word' id='word_1_92' title='bbox 416 1785 564 1852; x_wconf 86' lang='lat' dir='ltr'>formam</span> <span class='ocrx_word' id='word_1_93' title='bbox 583 1786 857 1871; x_wconf 88' lang='lat' dir='ltr'>heterogeneam.</span> 
     </span>
    </p>
   </div>
   <div class='ocr_carea' id='block_1_3' title="bbox 680 2009 1194 2097">
    <p class='ocr_par' dir='ltr' id='par_1_5' title="bbox 680 2009 1194 2097">
     <span class='ocr_line' id='line_1_13' title="bbox 680 2009 1194 2097; baseline -0.002 -23"><span class='ocrx_word' id='word_1_94' title='bbox 680 2010 736 2074; x_wconf 92' lang='lat' dir='ltr'>De</span> <span class='ocrx_word' id='word_1_95' title='bbox 768 2009 901 2075; x_wconf 89' lang='lat' dir='ltr'>urinis</span> <span class='ocrx_word' id='word_1_96' title='bbox 937 2009 979 2074; x_wconf 89' lang='lat' dir='ltr'>iu</span> <span class='ocrx_word' id='word_1_97' title='bbox 1012 2009 1194 2097; x_wconf 88' lang='lat' dir='ltr'>speciali.</span> 
     </span>
    </p>
   </div>
   <div class='ocr_carea' id='block_1_4' title="bbox 301 2205 1510 2671">
    <p class='ocr_par' dir='ltr' id='par_1_6' title="bbox 365 2205 1510 2421">
     <span class='ocr_line' id='line_1_14' title="bbox 454 2205 1509 2298; baseline 0.001 -25"><span class='ocrx_word' id='word_1_98' title='bbox 454 2205 552 2273; x_wconf 88' lang='lat' dir='ltr'>Sicut</span> <span class='ocrx_word' id='word_1_99' title='bbox 571 2207 722 2274; x_wconf 85' lang='lat' dir='ltr'>diximus</span> <span class='ocrx_word' id='word_1_100' title='bbox 742 2209 784 2273; x_wconf 89' lang='lat' dir='ltr'>de</span> <span class='ocrx_word' id='word_1_101' title='bbox 802 2209 913 2275; x_wconf 90' lang='lat' dir='ltr'>urinis</span> <span class='ocrx_word' id='word_1_102' title='bbox 926 2232 988 2296; x_wconf 89' lang='lat' dir='ltr'>per</span> <span class='ocrx_word' id='word_1_103' title='bbox 1007 2210 1155 2298; x_wconf 90' lang='lat' dir='ltr'>primam</span> <span class='ocrx_word' id='word_1_104' title='bbox 1170 2209 1439 2291; x_wconf 84' lang='lat' dir='ltr'>circulationem,</span> <span class='ocrx_word' id='word_1_105' title='bbox 1455 2207 1509 2274; x_wconf 87' lang='lat' dir='ltr'>ita</span> 
     </span>
     <span class='ocr_line' id='line_1_15' title="bbox 365 2333 1510 2421; baseline 0.002 -24"><span class='ocrx_word' id='word_1_106' title='bbox 365 2333 433 2398; x_wconf 90' lang='lat' dir='ltr'>dici</span> <span class='ocrx_word' id='word_1_107' title='bbox 452 2341 568 2420; x_wconf 87' lang='lat' dir='ltr'>potest</span> <span class='ocrx_word' id='word_1_108' title='bbox 586 2356 648 2421; x_wconf 87' lang='lat' dir='ltr'>per</span> <span class='ocrx_word' id='word_1_109' title='bbox 667 2334 752 2400; x_wconf 87' lang='lat' dir='ltr'>alias</span> <span class='ocrx_word' id='word_1_110' title='bbox 771 2355 832 2400; x_wconf 89' lang='lat' dir='ltr'>suo</span> <span class='ocrx_word' id='word_1_111' title='bbox 862 2334 976 2418; x_wconf 88' lang='lat' dir='ltr'>mod0;</span> <span class='ocrx_word' id='word_1_112' title='bbox 996 2335 1040 2400; x_wconf 88' lang='lat' dir='ltr'>ad</span> <span class='ocrx_word' id='word_1_113' title='bbox 1058 2336 1223 2402; x_wconf 89' lang='lat' dir='ltr'>maiorem</span> <span class='ocrx_word' id='word_1_114' title='bbox 1246 2341 1363 2400; x_wconf 88' lang='lat' dir='ltr'>tamen</span> <span class='ocrx_word' id='word_1_115' title='bbox 1388 2355 1510 2400; x_wconf 88' lang='lat' dir='ltr'>earum</span> 
     </span>
    </p>

    <p class='ocr_par' dir='ltr' id='par_1_7' title="bbox 301 2457 1507 2681">
     <span class='ocr_line' id='line_1_16' title="bbox 301 2457 1410 2547; baseline 0 -23"><span class='ocrx_word' id='word_1_116' title='bbox 301 2460 342 2524; x_wconf 78' lang='lat'>15</span> <span class='ocrx_word' id='word_1_117' title='bbox 366 2457 578 2524; x_wconf 86' lang='lat' dir='ltr'>evidentiam</span> <span class='ocrx_word' id='word_1_118' title='bbox 594 2459 738 2524; x_wconf 88' lang='lat' dir='ltr'>ulterius</span> <span class='ocrx_word' id='word_1_119' title='bbox 757 2459 800 2524; x_wconf 90' lang='lat' dir='ltr'>de</span> <span class='ocrx_word' id='word_1_120' title='bbox 819 2460 904 2546; x_wconf 89' lang='lat' dir='ltr'>ipsis</span> <span class='ocrx_word' id='word_1_121' title='bbox 924 2460 961 2525; x_wconf 89' lang='lat' dir='ltr'>iu</span> <span class='ocrx_word' id='word_1_122' title='bbox 985 2460 1126 2547; x_wconf 88' lang='lat' dir='ltr'>speciali</span> <span class='ocrx_word' id='word_1_123' title='bbox 1146 2459 1330 2526; x_wconf 89' lang='lat' dir='ltr'>dicendum</span> <span class='ocrx_word' id='word_1_124' title='bbox 1349 2464 1410 2524; x_wconf 88' lang='lat' dir='ltr'>est.</span> 
     </span>
     <span class='ocr_line' id='line_1_17' title="bbox 477 2582 1507 2671; baseline 0.003 -24"><span class='ocrx_word' id='word_1_125' title='bbox 477 2582 619 2649; x_wconf 90' lang='lat' dir='ltr'>Dictum</span> <span class='ocrx_word' id='word_1_126' title='bbox 632 2591 685 2648; x_wconf 91' lang='lat' dir='ltr'>est</span> <span class='ocrx_word' id='word_1_127' title='bbox 697 2606 801 2670; x_wconf 87' lang='lat' dir='ltr'>supra</span> <span class='ocrx_word' id='word_1_128' title='bbox 819 2584 861 2649; x_wconf 90' lang='lat' dir='ltr'>de</span> <span class='ocrx_word' id='word_1_129' title='bbox 873 2585 976 2650; x_wconf 89' lang='lat' dir='ltr'>urina</span> <span class='ocrx_word' id='word_1_130' title='bbox 989 2585 1208 2671; x_wconf 84' lang='lat' dir='ltr'>significante</span> <span class='ocrx_word' id='word_1_131' title='bbox 1223 2584 1415 2651; x_wconf 89' lang='lat' dir='ltr'>dominium</span> <span class='ocrx_word' id='word_1_132' title='bbox 1427 2605 1507 2651; x_wconf 88' lang='lat' dir='ltr'>san·</span> 
     </span>
    </p>
   </div>
   <div class='ocr_carea' id='block_1_5' title="bbox 363 2708 1508 2796">
    <p class='ocr_par' dir='ltr' id='par_1_8' title="bbox 363 2708 1508 2796">
     <span class='ocr_line' id='line_1_18' title="bbox 363 2708 1508 2796; baseline 0.001 -23"><span class='ocrx_word' id='word_1_133' title='bbox 363 2708 493 2795; x_wconf 89' lang='lat' dir='ltr'>guinis:</span> <span class='ocrx_word' id='word_1_134' title='bbox 511 2730 605 2772; x_wconf 89' lang='lat' dir='ltr'>nunc</span> <span class='ocrx_word' id='word_1_135' title='bbox 623 2708 812 2777; x_wconf 83' lang='lat' dir='ltr'>videndum</span> <span class='ocrx_word' id='word_1_136' title='bbox 832 2719 884 2777; x_wconf 87' lang='lat' dir='ltr'>est</span> <span class='ocrx_word' id='word_1_137' title='bbox 904 2710 945 2775; x_wconf 90' lang='lat' dir='ltr'>de</span> <span class='ocrx_word' id='word_1_138' title='bbox 961 2709 1063 2776; x_wconf 87' lang='lat' dir='ltr'>urina</span> <span class='ocrx_word' id='word_1_139' title='bbox 1078 2709 1298 2796; x_wconf 88' lang='lat' dir='ltr'>significante</span> <span class='ocrx_word' id='word_1_140' title='bbox 1314 2709 1508 2775; x_wconf 90' lang='lat' dir='ltr'>dominium</span> 
     </span>
    </p>
   </div>
   <div class='ocr_carea' id='block_1_6' title="bbox 296 2836 1629 3923">
    <p class='ocr_par' dir='ltr' id='par_1_9' title="bbox 362 2836 1508 3049">
     <span class='ocr_line' id='line_1_19' title="bbox 363 2836 1508 2925; baseline 0 -23"><span class='ocrx_word' id='word_1_141' title='bbox 363 2838 527 2903; x_wconf 88' lang='lat' dir='ltr'>cholerae.</span> <span class='ocrx_word' id='word_1_142' title='bbox 547 2837 636 2902; x_wconf 90' lang='lat' dir='ltr'>Nam</span> <span class='ocrx_word' id='word_1_143' title='bbox 661 2837 752 2903; x_wconf 87' lang='lat' dir='ltr'>sicut</span> <span class='ocrx_word' id='word_1_144' title='bbox 774 2862 836 2925; x_wconf 89' lang='lat' dir='ltr'>per</span> <span class='ocrx_word' id='word_1_145' title='bbox 862 2844 994 2903; x_wconf 88' lang='lat' dir='ltr'>tactum</span> <span class='ocrx_word' id='word_1_146' title='bbox 1019 2838 1139 2924; x_wconf 88' lang='lat' dir='ltr'>pulsus</span> <span class='ocrx_word' id='word_1_147' title='bbox 1167 2836 1448 2902; x_wconf 85' lang='lat' dir='ltr'>demonstrantur</span> <span class='ocrx_word' id='word_1_148' title='bbox 1471 2845 1508 2902; x_wconf 89' lang='lat' dir='ltr'>et</span> 
     </span>
     <span class='ocr_line' id='line_1_20' title="bbox 362 2962 1508 3049; baseline -0.001 -21"><span class='ocrx_word' id='word_1_149' title='bbox 362 2969 615 3048; x_wconf 85' lang='lat' dir='ltr'>cognoscuntur</span> <span class='ocrx_word' id='word_1_150' title='bbox 634 2963 701 3027; x_wconf 92' lang='lat' dir='ltr'>duo</span> <span class='ocrx_word' id='word_1_151' title='bbox 720 2964 879 3028; x_wconf 88' lang='lat' dir='ltr'>humores</span> <span class='ocrx_word' id='word_1_152' title='bbox 902 2986 963 3048; x_wconf 89' lang='lat' dir='ltr'>per</span> <span class='ocrx_word' id='word_1_153' title='bbox 982 2962 1067 3027; x_wconf 87' lang='lat' dir='ltr'>duas</span> <span class='ocrx_word' id='word_1_154' title='bbox 1098 2962 1250 3027; x_wconf 85' lang='lat' dir='ltr'>diversas</span> <span class='ocrx_word' id='word_1_155' title='bbox 1270 2962 1508 3049; x_wconf 86' lang='lat' dir='ltr'>percussiones</span> 
     </span>
    </p>

    <p class='ocr_par' dir='ltr' id='par_1_10' title="bbox 296 3086 1629 3674">
     <span class='ocr_line' id='line_1_21' title="bbox 296 3086 1629 3174; baseline -0.001 -21"><span class='ocrx_word' id='word_1_156' title='bbox 296 3096 340 3158; x_wconf 76' lang='lat'>20</span> <span class='ocrx_word' id='word_1_157' title='bbox 364 3111 447 3172; x_wconf 89' lang='lat' dir='ltr'>quas</span> <span class='ocrx_word' id='word_1_158' title='bbox 463 3087 547 3153; x_wconf 88' lang='lat' dir='ltr'>facit</span> <span class='ocrx_word' id='word_1_159' title='bbox 566 3088 685 3173; x_wconf 88' lang='lat' dir='ltr'>pulsus</span> <span class='ocrx_word' id='word_1_160' title='bbox 703 3088 740 3151; x_wconf 93' lang='lat' dir='ltr'>in</span> <span class='ocrx_word' id='word_1_161' title='bbox 759 3087 897 3172; x_wconf 75' lang='lat' dir='ltr'>digitis,</span> <span class='ocrx_word' id='word_1_162' title='bbox 923 3088 973 3152; x_wconf 89' lang='lat' dir='ltr'>ita</span> <span class='ocrx_word' id='word_1_163' title='bbox 992 3087 1029 3152; x_wconf 93' lang='lat' dir='ltr'>in</span> <span class='ocrx_word' id='word_1_164' title='bbox 1048 3086 1161 3173; x_wconf 73' lang='lat' dir='ltr'>felbre</span> <span class='ocrx_word' id='word_1_165' title='bbox 1180 3087 1330 3152; x_wconf 85' lang='lat' dir='ltr'>tertiana</span> <span class='ocrx_word' id='word_1_166' title='bbox 1354 3087 1506 3174; x_wconf 87' lang='lat' dir='ltr'>simplici</span> <span class='ocrx_word' id='word_1_167' title='bbox 1534 3097 1629 3160; x_wconf 83' lang='lat'>68¹·</span> 
     </span>
     <span class='ocr_line' id='line_1_22' title="bbox 362 3212 1504 3298; baseline -0.001 -21"><span class='ocrx_word' id='word_1_168' title='bbox 362 3214 454 3298; x_wconf 85' lang='lat' dir='ltr'>iguis</span> <span class='ocrx_word' id='word_1_169' title='bbox 470 3221 504 3277; x_wconf 90' lang='lat' dir='ltr'>ct</span> <span class='ocrx_word' id='word_1_170' title='bbox 523 3221 615 3278; x_wconf 86' lang='lat' dir='ltr'>terra</span> <span class='ocrx_word' id='word_1_171' title='bbox 635 3234 712 3278; x_wconf 89' lang='lat' dir='ltr'>suos</span> <span class='ocrx_word' id='word_1_172' title='bbox 730 3212 858 3278; x_wconf 88' lang='lat' dir='ltr'>colores</span> <span class='ocrx_word' id='word_1_173' title='bbox 875 3213 1114 3278; x_wconf 87' lang='lat' dir='ltr'>demonstrant</span> <span class='ocrx_word' id='word_1_174' title='bbox 1129 3213 1167 3277; x_wconf 90' lang='lat' dir='ltr'>in</span> <span class='ocrx_word' id='word_1_175' title='bbox 1181 3213 1292 3278; x_wconf 88' lang='lat' dir='ltr'>urina.</span> <span class='ocrx_word' id='word_1_176' title='bbox 1305 3213 1394 3277; x_wconf 88' lang='lat' dir='ltr'>Nam</span> <span class='ocrx_word' id='word_1_177' title='bbox 1411 3213 1448 3276; x_wconf 88' lang='lat' dir='ltr'>in</span> <span class='ocrx_word' id='word_1_178' title='bbox 1464 3234 1504 3277; x_wconf 91' lang='lat' dir='ltr'>eo</span> 
     </span>
     <span class='ocr_line' id='line_1_23' title="bbox 362 3337 1506 3423; baseline -0.001 -21"><span class='ocrx_word' id='word_1_179' title='bbox 362 3338 453 3423; x_wconf 90' lang='lat' dir='ltr'>quod</span> <span class='ocrx_word' id='word_1_180' title='bbox 472 3339 573 3403; x_wconf 88' lang='lat' dir='ltr'>urina</span> <span class='ocrx_word' id='word_1_181' title='bbox 596 3344 647 3401; x_wconf 92' lang='lat' dir='ltr'>est</span> <span class='ocrx_word' id='word_1_182' title='bbox 667 3338 758 3402; x_wconf 91' lang='lat' dir='ltr'>clara</span> <span class='ocrx_word' id='word_1_183' title='bbox 778 3345 813 3402; x_wconf 90' lang='lat' dir='ltr'>et</span> <span class='ocrx_word' id='word_1_184' title='bbox 832 3338 950 3420; x_wconf 83' lang='lat' dir='ltr'>rubra,</span> <span class='ocrx_word' id='word_1_185' title='bbox 968 3337 1224 3403; x_wconf 84' lang='lat' dir='ltr'>demonstratur</span> <span class='ocrx_word' id='word_1_186' title='bbox 1244 3337 1360 3423; x_wconf 84' lang='lat' dir='ltr'>ignem</span> <span class='ocrx_word' id='word_1_187' title='bbox 1380 3337 1506 3402; x_wconf 86' lang='lat' dir='ltr'>habere</span> 
     </span>
     <span class='ocr_line' id='line_1_24' title="bbox 363 3463 1505 3549; baseline 0.001 -22"><span class='ocrx_word' id='word_1_188' title='bbox 363 3485 525 3549; x_wconf 88' lang='lat' dir='ltr'>magnam</span> <span class='ocrx_word' id='word_1_189' title='bbox 542 3463 744 3545; x_wconf 83' lang='lat' dir='ltr'>claritatem,</span> <span class='ocrx_word' id='word_1_190' title='bbox 761 3484 849 3548; x_wconf 88' lang='lat' dir='ltr'>quae</span> <span class='ocrx_word' id='word_1_191' title='bbox 868 3463 1041 3528; x_wconf 85' lang='lat' dir='ltr'>sensibilis</span> <span class='ocrx_word' id='word_1_192' title='bbox 1057 3469 1109 3527; x_wconf 87' lang='lat' dir='ltr'>est</span> <span class='ocrx_word' id='word_1_193' title='bbox 1126 3463 1162 3527; x_wconf 92' lang='lat' dir='ltr'>in</span> <span class='ocrx_word' id='word_1_194' title='bbox 1182 3463 1363 3547; x_wconf 81' lang='lat' dir='ltr'>nigredine</span> <span class='ocrx_word' id='word_1_195' title='bbox 1384 3469 1505 3545; x_wconf 86' lang='lat' dir='ltr'>terrae,</span> 
     </span>
     <span class='ocr_line' id='line_1_25' title="bbox 362 3587 1509 3674; baseline 0 -22"><span class='ocrx_word' id='word_1_196' title='bbox 362 3588 452 3652; x_wconf 87' lang='lat' dir='ltr'>sicut</span> <span class='ocrx_word' id='word_1_197' title='bbox 467 3592 564 3674; x_wconf 87' lang='lat' dir='ltr'>patet</span> <span class='ocrx_word' id='word_1_198' title='bbox 582 3588 619 3652; x_wconf 90' lang='lat' dir='ltr'>in</span> <span class='ocrx_word' id='word_1_199' title='bbox 639 3610 676 3653; x_wconf 85' lang='lat' dir='ltr'>eo</span> <span class='ocrx_word' id='word_1_200' title='bbox 698 3588 757 3672; x_wconf 92' lang='lat' dir='ltr'>qni</span> <span class='ocrx_word' id='word_1_201' title='bbox 779 3588 973 3652; x_wconf 85' lang='lat' dir='ltr'>extrahitur</span> <span class='ocrx_word' id='word_1_202' title='bbox 992 3612 1012 3653; x_wconf 88' lang='lat' dir='ltr'>a</span> <span class='ocrx_word' id='word_1_203' title='bbox 1036 3587 1165 3674; x_wconf 85' lang='lat' dir='ltr'>lapide,</span> <span class='ocrx_word' id='word_1_204' title='bbox 1184 3588 1244 3674; x_wconf 91' lang='lat' dir='ltr'>qui</span> <span class='ocrx_word' id='word_1_205' title='bbox 1263 3610 1333 3653; x_wconf 90' lang='lat' dir='ltr'>non</span> <span class='ocrx_word' id='word_1_206' title='bbox 1352 3598 1403 3652; x_wconf 84' lang='lat' dir='ltr'>est</span> <span class='ocrx_word' id='word_1_207' title='bbox 1432 3611 1509 3652; x_wconf 88' lang='lat' dir='ltr'>sen·</span> 
     </span>
    </p>

    <p class='ocr_par' dir='ltr' id='par_1_11' title="bbox 296 3712 1506 3923">
     <span class='ocr_line' id='line_1_26' title="bbox 296 3712 1506 3799; baseline -0.001 -21"><span class='ocrx_word' id='word_1_208' title='bbox 296 3726 339 3789; x_wconf 74' lang='lat'>25</span> <span class='ocrx_word' id='word_1_209' title='bbox 362 3713 473 3779; x_wconf 87' lang='lat' dir='ltr'>sibilis</span> <span class='ocrx_word' id='word_1_210' title='bbox 492 3714 560 3778; x_wconf 90' lang='lat' dir='ltr'>nisi</span> <span class='ocrx_word' id='word_1_211' title='bbox 579 3714 616 3777; x_wconf 90' lang='lat' dir='ltr'>in</span> <span class='ocrx_word' id='word_1_212' title='bbox 644 3713 805 3777; x_wconf 84' lang='lat' dir='ltr'>tenebris.</span> <span class='ocrx_word' id='word_1_213' title='bbox 831 3713 953 3777; x_wconf 87' lang='lat' dir='ltr'>Melius</span> <span class='ocrx_word' id='word_1_214' title='bbox 983 3713 1092 3799; x_wconf 88' lang='lat' dir='ltr'>igitur</span> <span class='ocrx_word' id='word_1_215' title='bbox 1111 3714 1148 3777; x_wconf 91' lang='lat' dir='ltr'>in</span> <span class='ocrx_word' id='word_1_216' title='bbox 1173 3713 1318 3779; x_wconf 86' lang='lat' dir='ltr'>obscuro</span> <span class='ocrx_word' id='word_1_217' title='bbox 1337 3712 1430 3799; x_wconf 89' lang='lat' dir='ltr'>ignis</span> <span class='ocrx_word' id='word_1_218' title='bbox 1449 3712 1506 3777; x_wconf 91' lang='lat' dir='ltr'>de·</span> 
     </span>
     <span class='ocr_line' id='line_1_27' title="bbox 362 3839 1505 3923; baseline -0.001 -19"><span class='ocrx_word' id='word_1_219' title='bbox 362 3846 532 3904; x_wconf 88' lang='lat' dir='ltr'>monstrat</span> <span class='ocrx_word' id='word_1_220' title='bbox 560 3861 655 3904; x_wconf 89' lang='lat' dir='ltr'>suam</span> <span class='ocrx_word' id='word_1_221' title='bbox 676 3839 870 3903; x_wconf 87' lang='lat' dir='ltr'>claritatem</span> <span class='ocrx_word' id='word_1_222' title='bbox 894 3862 995 3923; x_wconf 91' lang='lat' dir='ltr'>quam</span> <span class='ocrx_word' id='word_1_223' title='bbox 1028 3839 1127 3920; x_wconf 86' lang='lat' dir='ltr'>alibi;</span> <span class='ocrx_word' id='word_1_224' title='bbox 1149 3839 1240 3904; x_wconf 91' lang='lat' dir='ltr'>unde</span> <span class='ocrx_word' id='word_1_225' title='bbox 1262 3839 1436 3905; x_wconf 88' lang='lat' dir='ltr'>revelatur</span> <span class='ocrx_word' id='word_1_226' title='bbox 1454 3861 1505 3903; x_wconf 90' lang='lat' dir='ltr'>se-</span> 
     </span>
    </p>
   </div>
   <div class='ocr_carea' id='block_1_7' title="bbox 360 4115 1507 4506">
    <p class='ocr_par' dir='ltr' id='par_1_12' title="bbox 360 4115 1507 4506">
     <span class='ocr_line' id='line_1_28' title="bbox 454 4115 1506 4181; baseline 0.001 -15"><span class='ocrx_word' id='word_1_227' title='bbox 454 4119 470 4166; x_wconf 88' lang='lat'>8</span> <span class='ocrx_word' id='word_1_228' title='bbox 486 4118 670 4168; x_wconf 85' lang='lat' dir='ltr'>colorandum</span> <span class='ocrx_word' id='word_1_229' title='bbox 684 4115 715 4164; x_wconf 82' lang='grc' dir='ltr'><em>Μ</em></span> <span class='ocrx_word' id='word_1_230' title='bbox 720 4118 727 4151; x_wconf 88' lang='lat'><strong>¹</strong></span> <span class='ocrx_word' id='word_1_231' title='bbox 790 4119 840 4167; x_wconf 80' lang='lat'>8.9</span> <span class='ocrx_word' id='word_1_232' title='bbox 856 4123 901 4166; x_wconf 83' lang='lat' dir='ltr'>est</span> <span class='ocrx_word' id='word_1_233' title='bbox 918 4117 1051 4179; x_wconf 83' lang='lat' dir='ltr'>confusa,</span> <span class='ocrx_word' id='word_1_234' title='bbox 1071 4132 1107 4166; x_wconf 84' lang='lat' dir='ltr'>ex</span> <span class='ocrx_word' id='word_1_235' title='bbox 1124 4118 1289 4178; x_wconf 86' lang='lat' dir='ltr'>contrariis,</span> <span class='ocrx_word' id='word_1_236' title='bbox 1309 4120 1376 4181; x_wconf 86' lang='lat' dir='ltr'>quia</span> <span class='ocrx_word' id='word_1_237' title='bbox 1393 4121 1506 4167; x_wconf 78' lang='lat' dir='ltr'>contra-</span> 
     </span>
     <span class='ocr_line' id='line_1_29' title="bbox 360 4195 1507 4262; baseline -0.003 -11"><span class='ocrx_word' id='word_1_238' title='bbox 360 4202 405 4251; x_wconf 84' lang='lat' dir='ltr'>ria</span> <span class='ocrx_word' id='word_1_239' title='bbox 429 4208 475 4250; x_wconf 77' lang='lat' dir='ltr'>etc.</span> <span class='ocrx_word' id='word_1_240' title='bbox 503 4199 532 4248; x_wconf 88' lang='lat' dir='ltr'><em>X</em></span> <span class='ocrx_word' id='word_1_241' title='bbox 608 4197 640 4246; x_wconf 89' lang='lat'>10</span> <span class='ocrx_word' id='word_1_242' title='bbox 660 4195 827 4245; x_wconf 83' lang='lat' dir='ltr'>interiectos</span> <span class='ocrx_word' id='word_1_243' title='bbox 850 4197 891 4248; x_wconf 85' lang='lat' dir='ltr'>M:</span> <span class='ocrx_word' id='word_1_244' title='bbox 915 4198 1107 4262; x_wconf 85' lang='lat' dir='ltr'>interpolatos</span> <span class='ocrx_word' id='word_1_245' title='bbox 1139 4205 1198 4259; x_wconf 78' lang='lat' dir='ltr'>(om.</span> <span class='ocrx_word' id='word_1_246' title='bbox 1225 4197 1507 4261; x_wconf 82' lang='lat' dir='ltr'>malis-heteroge-</span> 
     </span>
     <span class='ocr_line' id='line_1_30' title="bbox 361 4273 1504 4342; baseline -0.003 -11"><span class='ocrx_word' id='word_1_247' title='bbox 361 4285 453 4341; x_wconf 80' lang='lat' dir='ltr'>neam)</span> <span class='ocrx_word' id='word_1_248' title='bbox 468 4281 497 4330; x_wconf 86' lang='lat' dir='ltr'><em>X</em></span> <span class='ocrx_word' id='word_1_249' title='bbox 560 4278 590 4328; x_wconf 90' lang='grc'>15</span> <span class='ocrx_word' id='word_1_250' title='bbox 606 4273 716 4327; x_wconf 81' lang='lat' dir='ltr'>innanzi</span> <span class='ocrx_word' id='word_1_251' title='bbox 738 4277 774 4325; x_wconf 81' lang='lat' dir='ltr'>od</span> <span class='ocrx_word' id='word_1_252' title='bbox 794 4279 916 4328; x_wconf 88' lang='lat' dir='ltr'>ulterius</span> <span class='ocrx_word' id='word_1_253' title='bbox 936 4279 1055 4328; x_wconf 72' lang='lat' dir='ltr'>corinello</span> <span class='ocrx_word' id='word_1_254' title='bbox 1076 4278 1122 4327; x_wconf 81' lang='lat' dir='ltr'>vid</span> <span class='ocrx_word' id='word_1_255' title='bbox 1141 4278 1171 4326; x_wconf 80' lang='grc' dir='ltr'><em>Μ</em></span> <span class='ocrx_word' id='word_1_256' title='bbox 1233 4279 1265 4328; x_wconf 69' lang='lat'>‘22</span> <span class='ocrx_word' id='word_1_257' title='bbox 1277 4294 1289 4325; x_wconf 83' lang='lat' dir='ltr'>e</span> <span class='ocrx_word' id='word_1_258' title='bbox 1301 4293 1327 4342; x_wconf 86' lang='lat' dir='ltr'>p.</span> <span class='ocrx_word' id='word_1_259' title='bbox 1340 4278 1396 4339; x_wconf 83' lang='lat' dir='ltr'>till,</span> <span class='ocrx_word' id='word_1_260' title='bbox 1413 4280 1444 4327; x_wconf 91' lang='grc'><strong>16</strong></span> <span class='ocrx_word' id='word_1_261' title='bbox 1457 4294 1504 4328; x_wconf 92' lang='lat' dir='ltr'>ru·</span> 
     </span>
     <span class='ocr_line' id='line_1_31' title="bbox 360 4354 1504 4423; baseline -0.004 -10"><span class='ocrx_word' id='word_1_262' title='bbox 360 4365 413 4413; x_wconf 86' lang='lat' dir='ltr'>boa</span> <span class='ocrx_word' id='word_1_263' title='bbox 424 4362 453 4411; x_wconf 85' lang='lat' dir='ltr'><strong><em>X</em></strong></span> <span class='ocrx_word' id='word_1_264' title='bbox 513 4362 544 4410; x_wconf 74' lang='lat'>24</span> <span class='ocrx_word' id='word_1_265' title='bbox 560 4360 590 4409; x_wconf 87' lang='lat' dir='ltr'>iu</span> <span class='ocrx_word' id='word_1_266' title='bbox 600 4376 633 4410; x_wconf 87' lang='lat' dir='ltr'>co</span> <span class='ocrx_word' id='word_1_267' title='bbox 647 4357 697 4421; x_wconf 86' lang='lat' dir='ltr'>qui</span> <span class='ocrx_word' id='word_1_268' title='bbox 706 4354 823 4413; x_wconf 65' lang='lat' dir='ltr'>exhffur</span> <span class='ocrx_word' id='word_1_269' title='bbox 833 4361 868 4423; x_wconf 71' lang='grc'>(9)</span> <span class='ocrx_word' id='word_1_270' title='bbox 880 4361 895 4410; x_wconf 80' lang='lat' dir='ltr'>h</span> <span class='ocrx_word' id='word_1_271' title='bbox 906 4360 999 4423; x_wconf 86' lang='lat' dir='ltr'>lapide</span> <span class='ocrx_word' id='word_1_272' title='bbox 1012 4359 1042 4408; x_wconf 81' lang='lat' dir='ltr'>ll</span> <span class='ocrx_word' id='word_1_273' title='bbox 1050 4377 1056 4408; x_wconf 75' lang='grc' dir='ltr'><strong>ι</strong></span> <span class='ocrx_word' id='word_1_274' title='bbox 1068 4359 1097 4407; x_wconf 91' lang='lat' dir='ltr'>iu</span> <span class='ocrx_word' id='word_1_275' title='bbox 1112 4359 1178 4423; x_wconf 81' lang='lat' dir='ltr'>igne</span> <span class='ocrx_word' id='word_1_276' title='bbox 1192 4360 1241 4423; x_wconf 89' lang='lat' dir='ltr'>qui</span> <span class='ocrx_word' id='word_1_277' title='bbox 1254 4374 1289 4408; x_wconf 87' lang='lat' dir='ltr'>ox</span> <span class='ocrx_word' id='word_1_278' title='bbox 1302 4358 1395 4422; x_wconf 85' lang='lat' dir='ltr'>lapido</span> <span class='ocrx_word' id='word_1_279' title='bbox 1409 4358 1504 4422; x_wconf 85' lang='lat' dir='ltr'>ignito</span> 
     </span>
     <span class='ocr_line' id='line_1_32' title="bbox 361 4441 1102 4506; baseline -0.005 -14"><span class='ocrx_word' id='word_1_280' title='bbox 361 4445 390 4493; x_wconf 89' lang='lat' dir='ltr'>in</span> <span class='ocrx_word' id='word_1_281' title='bbox 405 4442 582 4493; x_wconf 87' lang='lat' dir='ltr'>obscuritate</span> <span class='ocrx_word' id='word_1_282' title='bbox 600 4444 746 4494; x_wconf 85' lang='lat' dir='ltr'>excutitur</span> <span class='ocrx_word' id='word_1_283' title='bbox 760 4449 804 4492; x_wconf 77' lang='lat' dir='ltr'>ets.</span> <span class='ocrx_word' id='word_1_284' title='bbox 820 4443 859 4504; x_wconf 84' lang='lat' dir='ltr'>X,</span> <span class='ocrx_word' id='word_1_285' title='bbox 875 4444 911 4506; x_wconf 75' lang='lat' dir='ltr'>‘&#39;f-</span> <span class='ocrx_word' id='word_1_286' title='bbox 924 4441 996 4490; x_wconf 84' lang='lat' dir='ltr'>Lull.</span> <span class='ocrx_word' id='word_1_287' title='bbox 1005 4457 1038 4505; x_wconf 82' lang='lat' dir='ltr'>p.</span> <span class='ocrx_word' id='word_1_288' title='bbox 1052 4442 1102 4489; x_wconf 63' lang='lat' dir='ltr'>3dl</span> 
     </span>
    </p>
   </div>
   <div class='ocr_carea' id='block_1_8' title="bbox 0 0 1748 5108">
    <p class='ocr_par' dir='ltr' id='par_1_13' title="bbox 0 0 1748 5108">
     <span class='ocr_line' id='line_1_33' title="bbox 0 0 1748 5108; baseline 0 2"><span class='ocrx_word' id='word_1_289' title='bbox 0 0 1748 5108; x_wconf 95' lang='lat' dir='ltr'> </span> 
     </span>
    </p>
   </div>
  </div>
 </body>
</html>
