3488 5108
364 399 423 456 528
802 408 943 453 mamm
963 407 1067 452 nsum

352 569 513 635 cundum
547 567 683 633 divorsa
713 588 840 652 genera
874 572 927 632 est
957 563 1051 632 aliud
1079 573 1114 631 61
1144 565 1260 650 aliud,
1289 567 1327 631 in
1358 566 1514 633 metallis

363 716 504 781 prorsus
529 692 637 776 aliud,
658 692 695 757 in
716 691 897 757 arboribus
916 691 1055 773 humor,
1074 691 1149 778 pix,
1169 691 1303 777 gummi
1326 697 1362 757 et
1380 691 1513 757 similia

364 826 511 899 caetera,
542 816 581 881 in
598 816 715 882 herbis
747 839 881 900 666666,
901 814 939 881 in
962 814 1096 881 ossibus
1115 815 1319 882 animalium
1343 815 1510 900 medulla,

362 943 401 1030 in
417 942 514 1008 venis
534 942 691 1028 sanguiS,
712 963 774 1028 per
794 939 976 1026 contiguas
995 947 1112 1027 partes
1132 940 1337 1007 arteriarum
1354 948 1390 1006 61
1409 940 1512 1006 fibra-

318 1073 339 1135 5
362 1091 439 1135 rum
455 1068 570 1134 carnis
589 1075 623 1134 et
638 1089 803 1155 potorum
817 1066 989 1132 meatibus
1006 1066 1150 1154 spiritus
1169 1067 1326 1150 subtilia,
1345 1066 1511 1149 videlicet

362 1216 483 1281 vapor,
503 1193 564 1261 ubi
583 1193 656 1276 nix,
670 1191 732 1258 ubi
747 1193 869 1274 nubes,
887 1191 1016 1277 ubique
1035 1198 1150 1258 autem
1171 1192 1358 1258 secundum
1377 1191 1514 1280 specifi-

363 1342 419 1384 cas
438 1318 662 1385 differentias.

437 1444 537 1510 -Ε166
564 1443 729 1531 primum,
761 1443 952 1510 maximum
972 1448 1007 1508 et
1037 1443 1256 1530 potissimum
1276 1444 1427 1510 officium
1457 1452 1512 1510 661

363 1569 478 1654 unire,
492 1570 725 1656 agglutinare,
747 1576 781 1634 et
800 1591 864 1656 pro
884 1567 1160 1655 complexionum
1179 1592 1238 1635 seu
1257 1569 1511 1656 agglutinatio-

299 1703 341 1766 10
363 1717 447 1760 num
463 1702 498 1759 et
516 1694 685 1761 unionum
701 1694 909 1760 differentiis
925 1693 1060 1760 diversa
1077 1701 1112 1759 61
1128 1692 1326 1760 differentia
1341 1695 1511 1782 produce·

362 1842 415 1904 re,
435 1820 534 1886 iuxta
552 1819 705 1886 diversos
722 1820 850 1906 gradus
867 1819 1031 1884 unionem
1050 1818 1277 1885 intensiorem
1293 1825 1328 1885 61
1342 1819 1510 1887 rariorem

362 1942 528 2011 facilioris
557 1946 613 2011 vel
642 1944 847 2011 difficilioris
871 1942 1092 2010 resolutionis
1114 1944 1268 2031 partium
1292 1944 1510 2032 complicare.

363 2070 464 2136 Unde
495 2092 584 2155 aqua
608 2070 675 2136 alia
698 2070 833 2136 ratione
856 2077 908 2135 661
932 2069 1081 2154 166616,
1106 2069 1144 2135 in
1168 2092 1236 2155 qua
1258 2070 1336 2136 luco
1365 2092 1510 2136 accensa

362 2195 571 2283 resplendet,
592 2195 753 2261 calefacit
772 2203 807 2260 61
825 2194 940 2261 radios
963 2195 1084 2281 igneos
1104 2195 1253 2278 emittit;
1284 2194 1353 2261 alia
1370 2195 1510 2261 ratione

299 2324 339 2387 15
363 2329 415 2387 661
445 2322 482 2386 in
512 2321 654 2408 regione
673 2321 895 2386 tenebrarum
915 2342 974 2385 seu
993 2319 1111 2406 abyssi
1131 2342 1191 2385 seu
1210 2320 1330 2386 oceani
1348 2342 1407 2387 seu
1426 2320 1512 2386 Am-

362 2445 532 2534 phitritis,
557 2446 619 2511 ubi
638 2469 680 2511 ex
699 2446 880 2533 superficie
907 2451 1047 2512 tantum
1065 2446 1173 2528 lucet,
1202 2445 1293 2511 sicut
1312 2446 1510 2532 speculum

363 2571 431 2636 alia
449 2570 585 2636 ratione
604 2576 656 2636 est
672 2593 763 2656 aqua
782 2571 894 2636 oleum
914 2570 1037 2637 ardens
1056 2575 1092 2636 et
1108 2592 1228 2636 succus
1244 2569 1419 2636 flammam
1437 2593 1511 2638 non

362 2697 533 2783 recipiens
550 2720 662 2783 nequo
681 2697 812 2764 fovens.
833 2699 889 2764 Ab
909 2699 985 2786 ipsa
1005 2704 1056 2764 661
1075 2697 1246 2781 soliditas,
1266 2696 1454 2785 spissitudo
1473 2706 1510 2766 et

363 2844 546 2908 corporum
563 2823 737 2910 gravitas;
760 2823 977 2889 contrahitur
996 2830 1111 2889 autem
1132 2831 1167 2888 61
1185 2823 1393 2910 inspissatur
1411 2824 1507 2912 ipsa,

297 2948 341 3011 20
364 2956 403 3012 61
421 2949 459 3013 16
479 2949 598 3035 paucis
619 2949 893 3014 dimensionibus
913 2973 972 3015 666
988 2949 1151 3014 brevibus
1168 2956 1272 3033 atque
1289 2949 1406 3036 spacio
1422 2950 1508 3015 mul·

361 3081 414 3138 tas
439 3073 491 3139 sui
514 3081 630 3160 partes
648 3074 854 3159 comprimat
875 3080 910 3139 61
930 3074 1190 3161 66616161166666
1210 3073 1375 3141 admittat
1390 3075 1509 3140 aridae

361 3222 420 3264 seu
440 3206 632 3264 atomorum
653 3199 797 3281 virtute,
818 3199 907 3264 siout
922 3222 1025 3286 supra
1042 3199 1173 3264 dictum
1192 3206 1244 3264 661
1261 3198 1303 3264 de
1318 3200 1507 3283 cineribus,

361 3322 421 3408 qui
441 3323 508 3408 ipsi
540 3346 601 3409 per
621 3346 747 3409 aquam
779 3331 813 3388 et
832 3347 894 3410 661
922 3346 1006 3408 quos
1024 3325 1118 3411 ipsos
1138 3346 1228 3408 aqua
1257 3324 1296 3389 in
1318 3331 1508 3410 angustum

361 3447 622 3513 contrahuntur.
642 3449 734 3513 Hinc
759 3450 916 3549 sequitur
935 3451 1012 3515 duri
1040 3450 1166 3537 lapidis
1192 3450 1316 3535 forma,
1341 3450 1507 3536 durioris,

295 3570 338 3633 25
362 3572 391 3636 si
410 3572 477 3637 alia
496 3572 603 3638 fuerit
623 3573 822 3660 dispositio,
848 3574 973 3640 cineris
993 3598 1051 3640 666
1070 3575 1225 3662 pulveris
1246 3599 1305 3642 seu
1326 3576 1408 3641 sicci
1426 3577 1507 3643 sub-

362 3696 457 3781 iecti,
478 3697 569 3763 unde
590 3699 730 3765 metalla
749 3699 933 3786 prodeunt,
953 3701 1099 3787 lapides,
1120 3724 1277 3787 gemmae
1306 3708 1340 3767 et
1368 3702 1507 3767 univer-

362 3843 438 3886 sum
454 3843 568 3886 rerum
586 3845 696 3908 genus
716 3824 868 3889 diversas
890 3829 893 3910 l
915 3825 1049 3891 animae
1067 3826 1507 3913 6166666111166(11116166-
1532 3833 1631 3896 44v

363 3947 431 4012 tias
450 3948 635 4034 explicans.

449 4074 491 4139 In
510 4097 656 4159 summa,
678 4077 933 4163 comparatione
953 4078 1062 4164 ipsius
1081 4101 1191 4164 aquae
1209 4079 1343 4164 reliqua
1361 4101 1506 4166 corpora

448 4387 497 4436 15
515 4384 660 4435 vibratum
673 4385 716 4434 M¹
780 4386 947 4437 5vidolicot
964 4384 1005 4450 (in
1022 4385 1278 4450 ultramosanus!
1341 4389 1371 4438 13
1381 4389 1407 4451 s.
1424 4387 1507 4454 quo?

359 4468 392 4517 22
408 4465 504 4531 supra]
516 4481 546 4529 p.
562 4467 714 4530 6161666.
