3488 5108
657 432 788 477 nausis
807 431 966 479 'imnum
988 430 1193 478 sunuvnuvn.
1463 416 1499 475 15

357 613 429 655 esse
448 588 706 675 intelligimus),
727 610 839 673 neque
858 587 1090 654 substantiam
1108 611 1182 653 esse
1197 587 1426 674 intelligimus
1441 610 1499 653 ns·

355 737 421 801 que
439 713 613 795 aooidens3
631 712 725 780 haud
742 713 883 799 quidem
898 713 1108 796 substantia,
1126 713 1208 798 quia
1224 713 1353 779 nullius
1369 713 1500 779 formae

354 838 593 906 substantialis
617 838 707 904 siout
730 838 908 922 materiae,
935 860 1046 924 neque
1069 837 1174 904 ullius
1192 838 1323 904 formae
1347 838 1501 905 acciden-

355 963 436 1030 talis
459 963 550 1029 siout
569 963 800 1052 compositum
819 972 871 1030 est
889 964 1101 1047 subiectum
1124 987 1236 1051 neque
1259 972 1311 1030 est
1327 963 1499 1047 accidens,

311 1098 333 1161 5
356 1088 437 1174 quia
455 1088 590 1154 nullum
609 1096 661 1156 est
680 1088 753 1156 eius
768 1089 973 1173 subiectum,
990 1089 1081 1156 nihil
1097 1089 1190 1175 quod
1206 1089 1321 1177 ipsum
1336 1089 1495 1177 recipiat,

357 1214 416 1281 sed
437 1213 552 1302 ipsum
571 1220 623 1280 est
642 1213 734 1301 quod
753 1215 869 1282 omnia
888 1214 1022 1303 recipit.

444 1339 562 1404 XXV.
591 1338 767 1405 Definitur
793 1339 834 1405 in
859 1362 935 1427 quo
964 1341 1113 1423 omnia,
1139 1341 1221 1426 quia
1254 1362 1332 1406 oum
1362 1340 1501 1407 infinito

358 1465 519 1530 universo
535 1463 766 1549 adaequatum
786 1464 893 1551 quod
917 1465 959 1531 in
983 1466 1187 1549 omnibus,
1205 1464 1288 1552 quie
1304 1465 1398 1531 omni
1415 1487 1503 1532 oom-

356 1589 524 1678 positioni
541 1595 593 1655 est
612 1589 756 1655 insitum
775 1597 810 1654 et
830 1590 942 1657 omnis
961 1591 1193 1679 plenitudinis
1213 1597 1265 1657 est
1285 1599 1502 1678 susceptacu-

293 1720 336 1784 10
357 1715 444 1798 lum;
464 1723 517 1780 est
535 1738 605 1802 per
629 1737 743 1800 quem
768 1717 920 1801 omnia,
941 1716 1023 1803 quia
1042 1723 1157 1783 amoto
1176 1717 1289 1804 spatio
1308 1716 1396 1782 nihil
1414 1722 1503 1782 osset

359 1840 414 1906 vel
433 1840 556 1907 saltem
575 1864 647 1906 esse
667 1840 755 1928 fingi
773 1849 897 1929 posset.

447 1966 583 2032 XXVI.
607 1966 698 2032 Male
722 1966 887 2033 definitur
910 1967 952 2033 in
977 1990 1053 2055 quo
1082 1968 1188 2034 nihil
1211 1974 1286 2051 est,
1319 1967 1386 2033 sed
1417 1990 1502 2035 esse

360 2090 518 2178 aliquid
536 2098 684 2179 potest,
706 2092 986 2179 ‹ptantloquidem
1002 2101 1036 2158 et
1057 2099 1191 2160 atomus
1207 2100 1260 2160 est
1275 2094 1313 2160 in
1328 2115 1396 2180 quo
1412 2093 1500 2159 nihil

359 2224 425 2300 est,
442 2227 477 2282 et
490 2218 584 2283 loeus
603 2225 656 2284 est
674 2217 712 2284 in
732 2240 799 2304 quo
815 2241 887 2284 esse
903 2218 1036 2305 aliquid
1054 2225 1185 2306 potest;
1202 2219 1261 2285 sed
1281 2218 1286 2306 1
1307 2220 1395 2285 bene
1412 2218 1499 2285 dioe-
1526 2225 1646 2289 103ν

294 2344 336 2408 15
361 2344 463 2409 batur
486 2342 638 2430 spatium
662 2343 704 2408 in
732 2365 811 2431 quo
840 2343 973 2409 omnia
997 2366 1074 2410 oum
1099 2344 1222 2411 ceteris
1247 2345 1502 2411 connumeratis

362 2468 576 2535 differentiis.

447 2593 602 2660 XXVII.
627 2593 711 2659 Eius
740 2603 857 2682 partes
887 2617 926 2660 ea
954 2595 1101 2676 ratione,
1132 2616 1200 2680 qua
1230 2603 1346 2683 partes
1374 2594 1502 2661 habere

362 2718 447 2805 fingi
466 2728 594 2805 posset,
615 2742 787 2806 nusquam
803 2719 971 2786 formatae
987 2720 1043 2786 vel
1056 2719 1227 2807 figuratae
1243 2720 1501 2806 intelligantur3

360 2867 471 2929 neque
490 2844 583 2909 enim
602 2866 750 2910 vacuum
769 2867 829 2911 seu
845 2844 995 2932 spatium
1013 2844 1220 2929 quadratum
1237 2852 1298 2911 aut
1314 2845 1501 2911 rotundum

293 2969 338 3033 20
361 2971 584 3059 intelligitur,
605 2972 673 3037 nisi
692 2995 753 3059 per
772 2973 931 3039 accidens
950 2981 985 3038 et
1004 2980 1167 3039 extranea
1183 2974 1332 3059 ratione,
1349 2997 1417 3061 qua
1434 2997 1504 3040 eor·

359 3119 425 3183 pus
441 3096 603 3163 sensibile
616 3098 840 3163 terminatum
857 3099 928 3164 suis
944 3099 1112 3164 lateribus
1128 3099 1335 3185 quadratum
1352 3100 1407 3166 vel
1424 3120 1502 3165 oon·

363 3223 512 3289 cavitate
532 3224 751 3310 sphaericum
770 3224 963 3291 habebitur.

449 3348 621 3414 XXVIII.
643 3350 738 3415 [dem
755 3349 883 3416 dieitur
899 3351 1023 3436 Chaos,
1040 3375 1200 3432 vacuum,
1219 3353 1336 3435 inane,
1352 3351 1504 3439 plenum,

362 3475 457 3540 loous
486 3481 520 3540 et
551 3476 841 3563 susceptaculum,
872 3476 969 3542 iuxta
999 3477 1151 3543 diversas
1183 3477 1344 3542 rationes.
1369 3477 1506 3542 Dicitur

296 3602 340 3666 25
364 3600 457 3665 enim
476 3622 624 3667 vacuum
643 3609 786 3688 propter
808 3601 1040 3688 aptitudinem
1065 3601 1108 3667 au
1132 3601 1349 3689 capiendum,
1378 3602 1506 3669 dieitur

315 3743 329 3758 '
364 3725 478 3792 Chaos
498 3734 640 3814 propter
659 3727 997 3813 infigurabilitatem‚
1017 3727 1145 3793 dieitur
1165 3727 1268 3794 inane
1291 3735 1434 3815 propter
1457 3728 1507 3793 in·

366 3852 682 3919 nominabilitatem
701 3863 737 3918 et
755 3853 1086 3936 indefinibilitatem,
1106 3854 1233 3919 dicitur
1249 3853 1391 3941 plenum
1407 3875 1507 3941 prop-

364 3989 418 4046 ter
436 3982 606 4047 actualem
626 3980 890 4065 continentiam,
911 3980 1038 4047 dicitur
1057 3980 1152 4047 loeus
1167 3990 1309 4069 propter
1326 4003 1506 4068 corporum

457 4239 471 4288 7
489 4242 572 4305 inquo
590 4238 725 4289 omniaA
789 4241 820 4290 10
836 4247 931 4305 quom]
943 4240 1021 4301 forse
1038 4239 1116 4305 quod
1180 4240 1210 4289 14
1227 4238 1297 4303 dopo
1317 4254 1379 4290 esso
1399 4238 1508 4304 aliquid

366 4336 449 4370 suevo
461 4321 577 4384 ripetuto
592 4335 655 4370 esse
672 4322 694 4369 A
761 4321 791 4369 18
807 4321 921 4387 possint
937 4319 978 4370 M:
993 4336 1018 4370 ae
1035 4320 1090 4369 osai
1103 4321 1195 4385 possit
1253 4322 1329 4383 forse
1342 4319 1509 4383 intelligun-

366 4402 437 4452 tur?
500 4401 531 4451 23
548 4401 654 4453 Ultimo
669 4401 775 4452 dieitur
787 4400 861 4451 idom
879 4402 972 4452 Chaos
985 4407 1030 4450 etc.
1047 4400 1090 4461 M,
1108 4400 1172 4450 douo
1189 4400 1331 4451 l’ortioolo
1347 4400 1360 4449 ὲ
1377 4399 1399 4450 il
1414 4400 1509 4450 xm

368 4483 402 4546 (u.
415 4499 433 4531 a
443 4498 473 4546 p.
490 4485 535 4542 12,
550 4482 582 4530 13
593 4482 658 4546 sqq.)
