3488 5108
362 365 421 425 576
801 381 943 427 renuam
964 383 1067 429 aavm

362 543 491 602 cameris
513 550 562 602 est
583 540 788 602 iudicandum.
814 541 905 602 Unde
934 549 1022 621 potes
1049 543 1157 604 videre
1185 543 1266 602 hunc
1292 549 1461 602 tractatum
1484 540 1518 601 in

362 649 534 709 substantia
555 668 625 709 esse
646 649 793 710 maiorem
811 649 951 709 omnibus
969 649 1153 710 tractatibus
1174 650 1304 710 aliorum
1321 648 1517 710 medicorum

362 754 551 832 singulorum
568 757 649 815 eirca
665 755 747 816 idem
763 756 964 835 propositum.

451 968 592 1053 am
616 969 659 1034 In
690 968 816 1035 ultima
849 991 983 1037 camera
1014 968 1102 1035 GHI
1131 968 1365 1055 investigatur
1397 968 1519 1056 primo

317 1103 338 1166 b
361 1117 424 1182 per
441 1094 488 1174 H,
514 1093 596 1181 quia
626 1093 722 1161 videt
750 1094 903 1161 medicus
932 1095 1045 1182 primo
1075 1094 1113 1160 in
1143 1093 1283 1159 homine
1306 1099 1517 1181 aegrotante

361 1221 528 1288 virtutem
544 1222 780 1308 vegetativam
793 1221 1012 1288 debilitatam
1023 1223 1061 1287 in
1074 1221 1144 1288 snis
1155 1220 1331 1308 potentiiS,
1344 1220 1516 1308 qnoniam

362 1369 433 1413 non
461 1346 567 1412 habet
599 1346 794 1434 appetitum
818 1346 1024 1434 dispositum
1052 1345 1247 1413 diiudicans
1277 1344 1392 1430 dulce,
1417 1369 1515 1412 arna·

362 1494 439 1537 rum
459 1479 535 1556 ete.;
556 1472 639 1538 item
658 1473 881 1554 retentivam,
904 1471 1111 1559 digestivam
1138 1479 1173 1538 et
1200 1471 1424 1560 impulsivam
1452 1494 1517 1560 po-

363 1595 490 1663 tentias
510 1573 633 1682 laesas,
652 1597 836 1686 impeditas
856 1598 911 1663 vel
930 1598 1094 1664 alteratas
1113 1597 1227 1664 habet.
1245 1596 1409 1664 Potentia
1426 1620 1515 1664 vero

299 1726 340 1788 10
362 1723 561 1808 vegetativa
580 1745 649 1789 non
666 1723 809 1789 haberet
828 1722 1018 1806 defectum,
1049 1724 1079 1789 si
1103 1723 1346 1789 elementativa
1363 1746 1436 1790 non
1457 1723 1516 1791 de-

362 1849 488 1914 ficeret.
508 1848 601 1914 Talis
615 1871 696 1914 vero
710 1849 864 1915 defectus
882 1849 1045 1936 provenit
1063 1857 1123 1915 aut
1141 1849 1277 1915 ratione
1292 1849 1514 1936 repletionis,

364 1997 451 2060 quae
470 1973 615 2061 impedit
633 1980 766 2039 motum
785 1974 1033 2040 elementorum
1063 1982 1098 2039 et
1127 1975 1285 2061 regulam
1311 1974 1421 2058 illam,
1443 1996 1516 2060 qua

363 2101 521 2167 humores
541 2099 579 2163 in
597 2105 715 2165 nostro
731 2121 873 2187 corpore
892 2099 942 2165 ita
958 2101 1088 2166 habent
1106 2123 1204 2166 suam
1222 2099 1515 2183 vicissitudinem,

364 2248 441 2290 cum
461 2230 542 2290 sunt
560 2223 648 2289 bene
667 2221 841 2310 dispositi,
866 2223 956 2290 sicut
978 2231 1014 2289 et
1043 2223 1247 2291 vicissitudo
1278 2231 1372 2290 certa
1396 2230 1450 2290 est
1476 2223 1516 2289 in

298 2357 339 2422 15
363 2348 451 2415 caeli
475 2354 586 2431 motu;
607 2354 668 2414 aut
697 2348 832 2414 ratione
863 2349 1017 2415 vulneris
1040 2350 1096 2415 vel
1113 2349 1311 2433 inanitatis,
1333 2371 1396 2437 per
1422 2371 1516 2435 quae

365 2482 541 2540 meatuum
560 2474 777 2541 continuatio
790 2473 949 2562 perditur
961 2481 996 2541 et
1011 2474 1222 2541 continuitas
1238 2475 1353 2541 fluxus
1371 2474 1517 2542 detrim-

365 2605 476 2682 eatur,
496 2600 589 2666 unde
608 2608 769 2666 causatur
788 2599 898 2683 dolor,
920 2600 1143 2687 conqueritur
1161 2600 1368 2685 subiectum,
1390 2608 1516 2668 contra

362 2725 549 2791 instinctus
569 2732 604 2791 et
623 2726 800 2813 appetitus
825 2726 952 2791 clamat
970 2749 1031 2813 per
1049 2726 1218 2810 dolorem3
1238 2735 1274 2792 et
1293 2748 1396 2793 eausa
1415 2726 1515 2795 illius

362 2852 489 2917 doloris
517 2858 569 2916 est
596 2852 828 2918 subiectivum
847 2853 894 2933 H,
916 2852 1008 2937 quod
1038 2875 1115 2918 suos
1146 2860 1243 2918 actus
1262 2874 1421 2918 exercere
1440 2875 1515 2919 non

296 2986 340 3048 ‘20
362 2985 491 3063 potest;
511 2984 545 3042 et
564 2978 666 3042 huius
686 3001 788 3044 eausa
812 2984 864 3043 est
888 2979 1084 3043 substantia
1103 2979 1132 3062 I,
1151 2976 1243 3063 quod
1258 2985 1392 3043 motum
1408 3001 1513 3044 suurn

363 3103 567 3168 continuum
586 3126 656 3168 non
675 3103 794 3188 habet,
816 3103 986 3188 siquidem
1005 3104 1041 3169 in
1062 3126 1205 3194 corpore
1228 3104 1379 3170 humano
1410 3104 1449 3169 in
1466 3107 1512 3169 24

364 3227 465 3293 horas
486 3231 490 3314 Ι
512 3236 660 3313 quatuor
682 3229 767 3294 haec
791 3229 961 3294 elementa
985 3229 1023 3294 iu
1047 3252 1108 3294 sua
1135 3229 1276 3315 regione
1300 3228 1350 3294 ita
1373 3237 1511 3296 motum
1542 3245 1637 3308 5'7r

362 3352 505 3433 habent,
526 3354 615 3419 sicut
632 3361 666 3418 et
685 3354 722 3418 in
742 3353 916 3434 universo,
937 3378 1061 3441 nempe
1080 3376 1304 3440 megacosmo.

453 3485 473 3560 ξ
497 3478 576 3543 XV.
600 3479 656 3543 Ad
679 3478 763 3544 istas
787 3478 981 3566 praedictas
1006 3480 1163 3566 regiones
1187 3480 1275 3545 bene
1303 3502 1514 3566 cognoscen-

295 3611 339 3674 25
362 3605 422 3671 das
441 3628 503 3693 pro
534 3606 645 3672 morbi
665 3629 766 3671 causa
791 3606 1045 3672 adinvenienda
1064 3614 1098 3670 et
1117 3605 1336 3693 profundiori
1355 3606 1513 3693 specula·

362 3731 470 3814 tione,
495 3738 530 3796 et
551 3737 592 3796 ut
616 3752 679 3818 pro
710 3738 864 3818 temporo
893 3754 1044 3817 congrue
1075 3730 1260 3814 medicina,
1292 3732 1513 3797 nutrimenta

362 3864 397 3921 et
417 3862 551 3922 caetera
569 3856 718 3943 patienti
738 3857 1038 3936 administrentur,
1059 3857 1270 3943 subsequens
1293 3857 1406 3944 figura
1429 3880 1509 3944 pro·

363 3982 515 4069 ponitur.

443 4268 473 4317 16
489 4271 647 4317 meatorum
658 4263 716 4328 (sic)
729 4267 771 4316 Br
818 4266 850 4316 19
867 4272 911 4316 est
922 4266 1087 4332 vegetativa
1095 4268 1136 4330 H,
1149 4283 1221 4332 qnae
1230 4273 1313 4318 actus
1323 4283 1391 4318 suos
1405 4275 1451 4319 etc.
1466 4270 1510 4320 Br

363 4349 395 4396 20
411 4354 455 4399 est
468 4349 683 4410 elementativa,
700 4363 772 4414 quae
787 4355 894 4397 motum
910 4355 957 4398 etc.
971 4347 1014 4397 Βν
1077 4351 1110 4400 26
1127 4349 1169 4417 ut]
1183 4350 1281 4400 11qu
