3488 5108
677 439 805 482 aunum
826 438 984 484 reiorum
1006 438 1211 483 srurvuavu.
1474 424 1512 483 73

369 605 403 662 et
423 594 637 662 confundens
653 595 864 683 principium
881 595 1095 683 privativum
1115 601 1231 679 notat;
1251 596 1381 662 etenim
1399 619 1513 663 neces·

369 721 497 788 sarium
527 721 700 809 quoddam
727 729 792 805 est,
820 743 1026 788 concurrens
1054 722 1096 787 ad
1124 722 1422 808 producendorum
1442 721 1511 788 effi-

369 848 549 930 cientiam;
570 847 639 913 nisi
656 847 749 913 enim
766 847 934 933 quaedam
949 853 1169 934 praetereant
1184 853 1218 912 et
1234 856 1510 935 corrumpantur,

370 974 438 1041 alia
459 996 529 1041 non
549 975 732 1041 succedent
751 982 785 1038 et
804 974 1072 1061 generabuntur.

324 1091 345 1154 5
457 1100 579 1166 XXX.
603 1100 798 1181 Terminus,
819 1100 861 1165 ad
888 1123 989 1187 quem
1009 1121 1189 1166 cervorum
1212 1122 1313 1166 cursu
1337 1108 1372 1165 et
1391 1123 1510 1168 currus

367 1229 524 1294 vectione
548 1236 583 1292 et
608 1226 741 1292 alarum
766 1226 851 1293 nixu
877 1226 1071 1309 contendit,
1098 1226 1309 1314 principium
1339 1227 1442 1293 finale
1466 1227 1510 1294 si·

368 1353 528 1440 gnificat,
547 1352 626 1418 finis
646 1352 738 1417 enim
758 1351 913 1417 intentus
932 1360 966 1417 et
984 1351 1218 1439 apprehensus
1238 1374 1373 1418 omnem
1394 1375 1512 1441 opera·

368 1479 496 1546 tionem
518 1477 646 1565 derigit
672 1485 706 1542 et
730 1479 841 1543 omnis
861 1477 1072 1565 operationis
1091 1476 1302 1565 principium
1324 1483 1389 1560 est,
1415 1485 1450 1545 et
1474 1478 1511 1544 in

366 1605 480 1692 ipsum
504 1604 716 1692 principium
736 1603 936 1670 coincidunt
959 1611 994 1668 et
1018 1603 1108 1685 finis,
1130 1603 1289 1689 idemque
1308 1608 1361 1669 est
1383 1603 1511 1690 princi-

302 1728 343 1791 10
365 1731 461 1816 pium
481 1735 516 1794 et
539 1728 634 1811 finis,
655 1735 775 1816 utpote
795 1728 888 1815 quod
910 1728 1022 1816 primo
1045 1728 1241 1794 intenditur
1260 1734 1295 1793 et
1314 1727 1438 1794 ultimo
1457 1752 1508 1796 se·

366 1855 498 1941 quitur,
518 1854 670 1942 primum
689 1877 830 1921 movens
850 1862 884 1921 et
904 1854 1065 1921 ultimum
1085 1852 1285 1942 perfectum.

493 2257 566 2330 DE
601 2256 895 2332 VTILITATE
923 2256 1091 2333 HVIVS
1120 2256 1385 2336 STATVAE.

452 2599 505 2663 Ex
524 2598 588 2664 hac
608 2605 724 2665 statua
743 2620 812 2664 nou
832 2598 943 2664 solum
966 2597 1048 2666 licet
1066 2598 1189 2666 elicere
1213 2601 1365 2666 rationes
1384 2607 1419 2667 et
1436 2624 1508 2668 mo·

363 2726 424 2792 dos
444 2726 569 2811 quibus
589 2725 801 2812 principium
820 2724 960 2808 dicitur,
973 2747 1092 2790 verum
1108 2725 1214 2791 otiam
1226 2726 1382 2793 ordinem
1394 2727 1508 2813 inqui·

298 2847 341 2912 15
364 2853 463 2919 rendi
479 2853 521 2917 de
541 2874 746 2937 quacunque
766 2874 801 2915 re
821 2852 918 2917 iuxta
935 2851 1150 2917 conditiones
1169 2852 1405 2939 principiandi
1425 2854 1507 2919 acti-

362 3003 404 3045 ve
422 2981 478 3044 vel
498 2979 645 3066 passive,
672 2985 840 3063 quatenus
864 2977 980 3042 omnia
999 2977 1053 3043 vel
1078 2985 1159 3042 sunt
1178 2978 1389 3065 principium
1410 2980 1464 3045 vel
1485 3002 1505 3044 a

362 3104 547 3192 principio,
563 3103 618 3169 vol
635 3103 764 3169 habent
781 3102 1001 3190 principium.
1022 3103 1145 3189 ltaque
1164 3103 1201 3167 in
1221 3103 1391 3170 universis
1409 3127 1505 3192 prac-

361 3230 474 3316 posito
494 3229 612 3295 ordine
627 3228 899 3316 inspiciendum,
920 3227 1010 3293 unde
1025 3226 1256 3313 originaliter,
1277 3229 1503 3312 seminaliter,

362 3355 585 3422 autoritative
615 3379 672 3421 seu
698 3354 951 3442 principaliter,
980 3354 1196 3434 ordinaliter,
1225 3353 1425 3438 efficaciter,
1454 3355 1506 3421 in·

293 3482 339 3546 20
361 3481 647 3562 strumentaliter,
668 3490 702 3545 et
721 3481 771 3545 ita
790 3480 960 3566 deinceps.
991 3479 1089 3556 Quod
1117 3479 1146 3543 si
1171 3479 1286 3566 ipsum
1306 3487 1358 3545 est
1377 3480 1505 3567 princi-

362 3608 458 3694 pium
487 3630 507 3671 a
527 3630 593 3693 quo
611 3607 665 3671 vel
692 3628 834 3691 exque,
865 3606 899 3670 iu
926 3604 1044 3670 codem
1070 3613 1255 3690 quaeratur
1282 3590 1348 3692 quo
1378 3606 1504 3671 instru-

362 3740 490 3814 mcnt0,
514 3755 580 3817 qua
608 3732 771 3814 efficacia,
803 3753 870 3817 quo
900 3730 1033 3811 ordine,
1067 3753 1135 3816 qua
1158 3732 1357 3814 autoritate,
1378 3731 1503 3817 quibus

362 3858 563 3942 seminibus,
583 3859 620 3923 iu
640 3880 706 3943 quo
726 3880 859 3943 genere.
885 3857 1007 3942 ltaque
1027 3856 1115 3921 nihil
1134 3865 1185 3923 est
1206 3860 1210 3942 l
1233 3856 1322 3941 quod
1349 3858 1501 3923 membra
1528 3853 1645 3917 130v

360 3984 461 4050 huius
482 3990 615 4049 statuae
635 3983 707 4050 sine
727 3984 827 4069 linge
847 3983 1082 4068 subterfugiat
1101 3989 1161 4048 aut
1181 3989 1383 4070 praetereat.

1144 4299 1154 4325 l'

452 4341 464 4387 1
484 4338 588 4388 etenim
603 4340 752 4403 (privatio)
767 4339 797 4387 il!
855 4340 871 4386 8
888 4339 988 4399 dirigit
1002 4337 1034 4387 u!
1090 4342 1117 4389 lv
1135 4338 1325 4388 odiuuliterA
1382 4340 1413 4387 22
1429 4352 1503 4402 quae

361 4423 388 4482 (a
403 4425 502 4482 quanto
513 4419 626 4481 scrabra)
641 4420 764 4469 efficacia
781 4419 802 4467 ⁴l
867 4420 898 4469 23
915 4420 1089 4470 seminibus:
1104 4436 1132 4469 m
1151 4435 1207 4484 quo
1224 4435 1330 4482 gonaro
1346 4419 1447 4484 Itaque
1461 4420 1500 4467 A:

359 4500 528 4551 seminibus.
548 4500 581 4549 Iu
599 4516 655 4565 quo
668 4515 773 4562 genero
788 4501 885 4565 itaqua
900 4499 931 4549 l!

492 4596 567 4634 ltuuur
581 4600 636 4642 opp.
651 4596 691 4631 lut.
705 4594 745 4632 ΙΙΙ.
1320 4596 1344 4635 ld
