3488 5108
808 393 947 437 IOBDANI
968 393 1069 437 Buvm

823 729 976 794 uAPVr
999 729 1045 794 ΙΙ.

453 1001 472 1078 ξ
495 994 522 1058 Ι.
548 993 701 1058 Medicus
721 993 787 1058 etsi
810 993 848 1057 in
867 991 1055 1078 astrologia
1073 1012 1145 1056 non
1168 991 1215 1056 sit
1241 990 1386 1077 peritus,
1406 990 1515 1057 habe-

361 1120 414 1185 bit
434 1142 475 1184 ex
494 1118 559 1183 hac
578 1119 691 1205 figura
710 1118 880 1183 rationem
900 1116 1148 1202 investigatam
1168 1137 1361 1198 causarum,
1382 1115 1514 1181 medio

362 1268 438 1310 rum
467 1251 501 1309 et
533 1244 717 1309 effectuum
746 1243 926 1330 propositi.
955 1243 1086 1328 Figura
1110 1263 1191 1328 ergo
1216 1241 1349 1308 duobus
1368 1240 1513 1307 circulis

317 1377 337 1438 ὃ
362 1369 600 1453 constituitur,
627 1390 773 1455 quorum
793 1369 901 1433 maior
924 1363 1057 1433 motum
1085 1366 1249 1432 diurnum
1278 1390 1337 1433 seu
1364 1366 1514 1432 munda·

361 1518 458 1578 num,
480 1497 593 1560 minor
612 1516 693 1560 vero
714 1501 847 1560 motum
865 1492 1046 1581 proprium
1066 1499 1199 1581 septem
1227 1494 1447 1580 planetarum
1468 1493 1515 1558 si-

361 1620 520 1706 gnificet3
537 1621 647 1686 maior
670 1626 828 1685 movetur
844 1620 887 1684 ab
903 1619 1036 1685 oriente
1056 1619 1094 1684 in
1113 1617 1339 1698 occidentem,
1360 1617 1476 1684 minor
1493 1642 1514 1684 e

362 1753 492 1811 eontra.

451 1913 512 1971 Hic
529 1920 629 1971 motus
647 1911 789 1988 proprius
810 1911 1001 1989 planetarum
1023 1931 1081 1971 non
1104 1920 1154 1972 est
1175 1910 1257 1987 quod
1278 1911 1371 1971 aliter
1390 1912 1513 1990 perqui-

299 2016 341 2078 lO
363 2030 449 2079 ratur
469 2040 558 2096 quam
579 2040 597 2078 a
617 2021 707 2080 nobis
734 2021 763 2079 in
791 2020 1001 2097 superioribus
1024 2031 1072 2080 est
1099 2030 1273 2095 ostensum
1292 2029 1324 2081 et
1340 2018 1513 2080 secundum

362 2128 448 2187 illum
470 2147 581 2188 causae
602 2129 756 2204 fortunae,
780 2137 915 2187 motuum
937 2137 969 2187 et
989 2129 1218 2207 alterationem,
1242 2130 1325 2190 vitae
1346 2136 1378 2189 et
1398 2130 1511 2188 mortis

364 2244 436 2294 eunt
451 2233 658 2310 inquirendae.

451 2429 471 2505 ξ
495 2423 540 2488 Π.
566 2423 761 2489 Secundum
781 2425 866 2491 duos
896 2424 997 2491 hosce
1016 2432 1129 2491 motus
1148 2433 1224 2491 tum
1246 2426 1454 2493 naturaliter
1474 2434 1512 2493 et

362 2548 631 2633 elementariter,
652 2555 727 2615 tum
745 2550 942 2615 voluntarie
961 2573 1020 2615 seu
1039 2551 1198 2634 fortuite,
1219 2572 1343 2639 nempe
1370 2560 1446 2619 tum
1465 2576 1512 2619 ex

297 2677 340 2741 rt
363 2675 545 2761 principiis
576 2677 814 2742 materialibus
842 2700 901 2742 seu
933 2678 1119 2765 corporeis,
1151 2685 1226 2744 tum
1253 2679 1510 2768 exprincipiis

362 2800 476 2865 minus
511 2801 749 2867 materialibus
779 2809 813 2867 ct
842 2825 929 2887 quae
959 2826 1028 2868 non
1058 2825 1221 2890 corporea
1249 2804 1509 2890 existimantur,

363 2935 415 2990 est
444 2934 558 2992 motus
589 2928 743 3014 corporis
772 2928 914 2993 humani
942 2935 976 2994 et
1003 2929 1269 3017 dispositionum
1300 2931 1436 2996 animae
1471 2932 1511 2998 in

362 3053 454 3138 ipso3
482 3052 646 3118 inferiora
675 3054 847 3138 siquidem
870 3055 1075 3119 naturaliter
1104 3062 1139 3119 et
1164 3056 1419 3122 elementariter
1442 3057 1510 3123 sub

363 3178 497 3242 influxu
517 3180 731 3265 superiorum
750 3180 897 3247 veniunt
916 3181 1119 3264 constituta,
1134 3182 1202 3263 beu,
1220 3189 1259 3247 ut
1278 3182 1439 3269 proprius
1457 3183 1509 3248 lo·

1540 720 1639 785 arv

296 3311 340 3372 20
363 3327 528 3388 (premar,
549 3305 812 3391 particularium
832 3306 886 3370 lex
910 3316 944 3370 ct
964 3307 1232 3392 compositorum
1257 3309 1319 3374 sub
1338 3308 1415 3394 lego
1434 3309 1510 3374 uni·
1538 3328 1540 3330 ·

364 3430 548 3494 versalium
580 3437 614 3494 et
643 3431 894 3517 principiorum
923 3439 958 3495 et
988 3431 1237 3497 elementorum
1266 3441 1300 3498 et
1326 3456 1509 3499 causarum

364 3554 618 3620 subordinatur.

454 3724 514 3781 Hic
531 3731 635 3800 potest
652 3726 798 3801 applicari
818 3727 949 3785 circulus
969 3727 1085 3785 zodiaci
1103 3747 1157 3787 seu
1175 3728 1331 3803 signorum
1349 3727 1431 3786 vitae
1452 3748 1510 3787 seu

364 3831 471 3889 mortis
489 3852 506 3889 a
524 3832 623 3910 capite
642 3833 787 3908 hominis,
813 3834 843 3891 in
865 3835 950 3893 cuius
972 3835 1088 3894 vertice
1105 3855 1161 3894 ver
1177 3835 1337 3894 constituit
1354 3835 1509 3894 transiens

298 3936 341 3996 25
366 3959 420 4016 per
437 3938 548 4014 pedes,
573 3959 628 4016 per
649 3961 724 4015 quos
746 3941 936 3999 constituunt
957 3942 1095 4001 hiemem.
1118 3942 1178 4000 Hic
1199 3943 1279 4001 enim
1298 3940 1440 4002 zodiacus
1458 3951 1510 4002 est

370 4117 542 4123 —--·——
549 4118 746 4125 ——.——
754 4120 776 4125 .-

455 4209 479 4254 9.
492 4209 522 4255 12
539 4204 567 4255 in
585 4223 670 4271 orarp.
694 4206 724 4255 M
788 4208 817 4256 10
835 4208 863 4256 in
882 4208 1088 4273 superioribus]
1111 4229 1139 4272 p.
1158 4213 1212 4259 538
1229 4228 1284 4275 sqq.
1352 4212 1381 4260 12
1399 4212 1508 4262 investi

364 4287 550 4351 inquirendae
571 4286 613 4335 211¹
681 4289 712 4336 22
738 4289 966 4339 subordinantur
984 4290 1014 4338 M
1083 4292 1122 4340 23.
1150 4308 1175 4356 p.
1195 4294 1296 4356 579‚11
1320 4290 1350 4341 iu
1368 4307 1455 4358 marp.
1478 4293 1510 4342 M

364 4369 403 4416 ¹23.
418 4370 449 4415 21
473 4384 523 4417 seu
548 4370 648 4418 mortis
669 4361 717 4418 ills
737 4369 785 4434 (?):
809 4372 859 4434 qui
881 4371 985 4420 circuit
1003 4371 1034 4420 Μ
1042 4372 1053 4398 ⁰
1117 4375 1147 4422 24
1168 4374 1332 4433 constituit]
1354 4375 1509 4423 eonstitui-

365 4454 412 4496 tur
427 4441 472 4495 Ma
535 4450 566 4497 25
583 4449 712 4513 hyemem
723 4449 755 4499 M
