3488 5108
541 386 671 433 raucas
691 385 850 433 nmmum
870 383 1076 430 sm‘rmavn.
1339 364 1376 422 61

240 547 353 613 turin
372 569 426 612 res
445 568 563 612 omnes
582 569 683 633 agere
703 545 813 611 veluti
832 543 981 631 apiranS,
999 540 1131 623 offlano,
1149 546 1183 604 et
1202 538 1318 603 omnia
1337 537 1381 602 ad

239 695 274 739 se
295 673 408 759 ipsum
428 672 588 739 ordinare
606 671 716 737 veluti
735 670 875 736 trahens
894 676 929 733 et
948 688 1152 755 aggregans.

329 798 501 864 XXVIII.
522 799 601 885 Ipse
620 803 673 863 est
691 819 798 862 nexus
814 818 928 861 rerum
944 793 1111 874 omnium,
1130 790 1219 857 unde
1235 788 1381 854 daemon

240 945 388 1010 magnus
418 930 453 988 et
485 922 644 1010 geminus
672 921 806 1008 Cupido
830 919 1040 1008 appellatur,
1076 939 1137 1005 per
1167 915 1382 980 intellectum

196 1048 333 1112 {renim
363 1070 416 1114 ras
446 1049 576 1113 habent
605 1047 781 1135 propriam
816 1044 962 1111 formam
993 1051 1096 1128 atque
1124 1041 1286 1129 speciem,
1319 1062 1381 1127 per

241 1195 391 1239 amorem
420 1172 550 1239 habent
580 1172 839 1255 connexionem,
870 1170 1033 1237 unionem
1062 1175 1097 1234 et
1127 1167 1297 1249 ordinem,
1323 1164 1383 1250 qni

242 1297 328 1364 facit
347 1298 521 1364 contraria
544 1320 668 1382 unum,
688 1297 824 1363 diversa
842 1296 994 1379 unitum,
1015 1293 1130 1360 omnia
1149 1293 1359 1359 universum.

331 1425 472 1490 XXIX.
493 1424 631 1491 Dicitur
651 1424 743 1511 ignis
768 1423 904 1506 ordene,
924 1421 1006 1509 quia
1029 1419 1195 1507 Cupidini
1214 1417 1382 1485 tribuitur

241 1573 350 1617 nexus
369 1573 428 1617 seu
455 1551 600 1637 laqueus
620 1572 687 1636 quo
717 1556 913 1631 connectat,
940 1556 974 1614 et
994 1546 1085 1633 ignis
1105 1569 1164 1613 seu
1188 1545 1290 1611 ardor
1315 1567 1381 1630 quo

178 1681 220 1745 10
241 1675 285 1741 ad
316 1675 563 1741 connexionem
593 1681 812 1763 promoveat3
841 1680 880 1740 ut
908 1680 1050 1741 notetur
1082 1694 1143 1760 per
1173 1671 1265 1737 hune
1293 1692 1384 1736 amo·

240 1823 312 1865 rem
338 1800 469 1889 speeies
493 1800 642 1867 libenter
670 1800 761 1866 coire
791 1807 825 1866 et
852 1800 890 1865 in
918 1799 1048 1867 coitum
1071 1797 1277 1864 naturaliter
1307 1818 1384 1861 oon-

241 1948 387 1992 currere.

330 2050 452 2116 XXX.
476 2051 543 2115 Ars
572 2051 700 2116 artium
723 2051 849 2116 dicitur
878 2058 912 2115 et
940 2048 1161 2132 inscribitur;
1188 2049 1261 2136 ipse
1291 2048 1383 2114 enim

242 2184 293 2242 ost
316 2177 371 2242 vel
392 2175 467 2263 ipsa
486 2184 610 2241 natura
628 2176 824 2261 formatrix,
844 2176 898 2242 vol
918 2177 993 2263 ipsa
1012 2183 1156 2242 naturae
1173 2174 1383 2256 substantia,

178 2303 218 2366 m
241 2309 361 2388 estque
380 2302 493 2390 prima
510 2325 576 2388 ara,
597 2326 658 2389 per
681 2326 784 2391 quam
803 2325 920 2369 omnes
945 2302 1093 2368 artifices
1113 2301 1296 2387 agibilium
1315 2322 1384 2364 reo·

242 2434 313 2492 tam
334 2427 503 2493 rationem
522 2427 666 2511 habent,
686 2427 792 2494 immo
807 2435 858 2494 est
874 2428 949 2516 ipsa
968 2427 1150 2514 agibilium
1169 2434 1263 2491 recta
1279 2425 1382 2509 rado,

241 2574 312 2617 non
324 2550 462 2638 quidem
482 2551 647 2635 anaidem,
659 2551 717 2617 sod
734 2552 941 2636 substantia,
959 2553 1110 2640 primum
1124 2551 1262 2638 quidem
1280 2573 1384 2635 agon·

241 2676 344 2759 tium,
369 2677 518 2742 secundo
539 2683 655 2743 autem
674 2677 895 2764 agendorum.

519 2998 783 3075 EPILOGVS
823 2997 1117 3074 DIOTORVM.

176 3293 221 3355 20
333 3288 552 3375 Praepositae
576 3294 657 3352 sunt
681 3287 768 3352 duae
802 3285 949 3370 triadeS,
976 3307 1121 3371 quarum
1145 3286 1254 3351 altera
1279 3294 1330 3352 cst
1350 3286 1386 3352 in

243 3412 361 3478 infimo
378 3413 488 3499 gradu
512 3419 670 3496 naturae,
689 3413 796 3477 altera
816 3412 853 3477 in
869 3434 1028 3499 supremo
1045 3412 1166 3496 scalae,
1183 3413 1291 3478 altera
1307 3412 1389 3477 dici-

242 3545 301 3604 tur
320 3539 448 3622 inania,
469 3541 578 3604 altera
600 3538 838 3625 plenitudinia
856 3540 898 3603 In
918 3539 1002 3626 ipsis
1021 3539 1212 3625 explicatae
1231 3547 1312 3605 sunt
1336 3561 1388 3603 ra·

244 3666 365 3746 tienne,
380 3666 505 3751 quibus
523 3666 662 3751 quidem
679 3666 794 3731 omnia
810 3666 1051 3732 immaterialia
1065 3690 1124 3733 seu
1141 3674 1176 3732 et
1192 3665 1388 3753 spiritualia

245 3791 455 3857 concordant
475 3814 552 3856 oum
569 3792 645 3857 aliis
671 3792 969 3878 immaterialibus,
994 3801 1029 3858 et
1048 3793 1174 3880 quibus
1193 3818 1213 3858 a
1232 3792 1389 3858 mat-eria-

177 3918 221 3981 Ξῖ)
245 3916 335 3982 libus
366 3925 401 3981 et
425 3917 597 4004 corporeis
625 3916 807 4001 differunt3
837 3919 919 3983 item
939 3919 1090 3984 rationes
1114 3918 1386 3985 substantiarum

246 4041 456 4129 simplicium
473 4048 507 4107 et
524 4042 783 4109 individuarum
802 4045 989 4110 secundum
1008 4045 1177 4111 rationem
1193 4045 1387 4133 oppositam

339 4373 497 4423 Sameram
516 4371 683 4434 (corcellam
748 4370 965 4436 20Propositae
978 4369 1009 4419 Μ
1069 4371 1099 4420 21
1117 4369 1208 4434 gradu
1218 4371 1332 4422 schalae
1342 4386 1389 4422 na·

247 4459 327 4518 tura,
346 4453 437 4504 altera
453 4452 483 4502 in
501 4466 635 4517 suprema
649 4452 711 4532 (aie,-
726 4467 774 4500 om.
791 4452 909 4517 scalae),
923 4452 1014 4502 altera
1027 4449 1059 4500 Μ
1120 4452 1152 4502 23
1168 4459 1198 4503 et
1211 4468 1259 4502 om.
1273 4451 1305 4502 Μ
