3488 5108
670 410 799 456 usurus
820 410 980 457 ruioiura
1002 410 1208 456 srarvanvu.
1450 394 1509 454 249

455 571 484 634 3.
507 570 561 634 Ex
580 567 739 656 appetitu
758 591 818 634 seu
838 567 1026 635 voluntate.
1049 567 1136 647 Quia
1161 566 1276 633 anima
1300 566 1386 633 bene
1412 589 1510 654 regu·

364 696 437 761 lata
457 700 492 760 ct
514 695 633 782 purior
664 694 761 760 iuxta
792 694 970 781 theologos
1004 700 1040 760 et
1066 693 1288 782 philosophos
1318 691 1510 758 contemnit

365 843 500 908 corpusr,
525 827 560 886 et
578 819 754 886 interdum
776 820 819 887 ab
839 843 878 886 eo
898 819 1041 887 dissolvi
1059 819 1242 901 desiderat3
1263 840 1348 906 ergo
1368 824 1510 885 nonest

364 947 437 1014 eius
456 947 648 1014 essentialis
668 948 758 1014 ratio
778 948 931 1035 corporis
946 970 1018 1014 esse
1034 947 1259 1013 entelechiam
1277 947 1332 1013 vel
1352 945 1510 1013 accidens

305 1073 340 1167 ’ὃ
365 1075 419 1142 vel
437 1074 663 1140 harmoniam.

813 1289 847 1328 nx
863 1299 942 1337 campo
959 1288 1061 1329 lunonis.

454 1441 481 1503 1.
507 1439 679 1525 Experto
709 1437 785 1503 viae
814 1459 873 1502 seu
892 1435 1007 1502 medii.
1027 1437 1155 1502 Anima
1178 1458 1249 1503 nou
1279 1444 1332 1504 est
1355 1436 1506 1504 medium

366 1569 401 1628 et
432 1563 491 1628 via
510 1585 578 1648 qua
598 1585 733 1650 corpus,
755 1561 814 1629 sed
834 1584 958 1649 corpus
988 1561 1139 1629 medium
1164 1568 1199 1628 et
1217 1563 1275 1629 via
1305 1585 1373 1651 qua
1392 1563 1509 1631 anima

364 1690 561 1757 functiones
579 1691 730 1779 perficit;
756 1713 837 1778 ergo
856 1712 927 1757 non
946 1693 1022 1778 ipsa
1046 1691 1199 1779 corporis
1224 1697 1321 1758 actus
1340 1699 1376 1757 et
1393 1714 1455 1780 per
1474 1714 1509 1758 se

298 1819 341 1882 10
364 1815 496 1901 forma,
517 1816 577 1883 sed
595 1840 718 1905 corpus
737 1816 888 1883 eiusdem
906 1839 1075 1903 organum
1093 1826 1129 1882 et
1144 1817 1423 1885 instrumentum.

453 1944 483 2007 2.
508 1944 561 2008 Ex
591 1949 690 2029 parte
719 1965 886 2009 occursus.
918 1941 1007 2021 Quia
1036 1943 1152 2008 anima
1183 1943 1318 2032 corpori
1342 1943 1508 2028 occurrit,

364 2090 435 2134 uon
454 2075 607 2134 autema
638 2090 778 2156 corpore
798 2068 971 2152 educitur,
1001 2068 1091 2134 sicut
1109 2069 1170 2134 lux
1193 2091 1263 2136 non
1293 2090 1336 2135 ex
1355 2068 1508 2135 tenebris

363 2193 523 2280 emergit,
543 2194 601 2259 sed
622 2193 659 2258 in
678 2193 837 2260 tenebras
856 2192 1066 2276 infunditur;
1087 2216 1188 2260 omne
1210 2200 1327 2260 autem
1347 2192 1505 2261 accidens

363 2328 397 2384 et
416 2319 603 2385 accidentis
628 2319 728 2384 modo
758 2341 794 2384 se
813 2318 942 2385 habens
966 2324 1019 2385 est
1041 2342 1060 2384 e
1079 2319 1227 2405 quadam
1257 2319 1505 2408 compositione

298 2452 339 2516 15
363 2453 398 2511 et
417 2445 563 2512 materia
582 2445 763 2511 resultans.

451 2572 482 2635 3.
507 2569 678 2656 Experto
703 2591 898 2636 concursus.
918 2570 1046 2636 Anima
1070 2578 1105 2636 et
1124 2590 1247 2658 corpus
1277 2570 1321 2636 ad
1345 2569 1506 2637 animalis

363 2695 648 2762 constitutionem
667 2703 891 2787 concurrunt,
911 2717 982 2761 non
1001 2702 1041 2761 ut
1065 2696 1222 2763 accidens
1242 2703 1277 2762 et
1296 2696 1504 2779 subiectum,

363 2820 421 2886 sed
441 2828 479 2886 ut
498 2821 565 2886 duo
596 2821 751 2887 subiecta
770 2820 1013 2908 perspiritum
1037 2822 1197 2904 unibilia,
1223 2844 1369 2908 quorum
1388 2829 1506 2887 tamen

362 2946 589 3033 principalius
609 2953 660 3012 est
684 2947 812 3031 anima,
834 2947 838 3035 l
860 2954 981 3034 utpote
1004 2948 1148 3033 rectrix,
1172 2947 1412 3034 gubernatrix,
1434 2945 1503 3013 for·
1529 2945 1657 3012 202v

296 3077 341 3141 20
362 3072 499 3137 matrix,

819 3271 853 3309 Ex
869 3269 927 3310 atrlo
943 3269 1048 3310 Docdull.

452 3423 479 3485 1.
504 3421 557 3485 Ex
575 3426 675 3507 parte
689 3419 867 3486 absolutae
883 3419 1105 3506 operationis.
1119 3417 1399 3506 Unumquodque
1415 3418 1506 3485 sicut

362 3556 426 3629 est,
457 3546 506 3610 ita
536 3550 711 3632 operatur,
740 3545 857 3611 anima
885 3553 1048 3633 operatur
1078 3545 1153 3611 sine
1183 3566 1340 3632 corpore;
1369 3566 1451 3631 ergo
1470 3552 1505 3609 et

363 3680 423 3737 est.
444 3669 588 3736 Nullum
607 3676 721 3736 autem
742 3670 898 3736 accidens
918 3671 961 3736 ab
981 3693 1033 3754 ec,
1056 3672 1153 3736 cuius
1173 3676 1237 3754 est,
1258 3668 1459 3736 absolvitur.

294 3808 337 3872 25
451 3799 481 3863 2.
507 3798 559 3862 Ex
588 3805 686 3884 parte
717 3796 963 3884 dispositionis
993 3797 1122 3862 Anima
1156 3819 1226 3862 non
1256 3796 1293 3861 in
1324 3795 1505 3862 materiam

370 3957 494 3964 .-..--.
508 3956 588 3962 --,-.
607 3956 700 3961 .—-....-
720 3956 909 3963 «----··———-—·
926 3954 1201 3962 ..-..—..2.—..-·---
1439 3951 1504 3961 ...-

454 4028 531 4078 4νο1
548 4026 681 4076 accidens
700 4032 747 4092 ppt
764 4023 843 4088 (altri
856 4025 968 4091 pontini
984 4027 1067 4077 carbo
1087 4026 1116 4077 iu
1135 4024 1267 4093 nrarpine)
1286 4026 1425 4091 quosdam
1447 4038 1506 4075 nou

362 4114 505 4170 exorceat,
526 4122 619 4171 neque
636 4112 733 4172 potest
750 4107 812 4157 sinc
830 4122 949 4173 corporo
965 4114 1011 4158 etc.
1031 4108 1113 4172 (salta
1130 4106 1184 4158 ciel
1199 4126 1216 4157 a
1227 4124 1258 4171 p.
1268 4108 1330 4168 250,
1347 4109 1392 4171 20)
1404 4105 1447 4169 M,
1461 4105 1506 4155 cte

361 4188 487 4241 continua
498 4189 560 4238 uelt'
571 4185 665 4237 ordine
681 4193 810 4252 aepucntc:
824 4206 853 4252 p.
869 4189 929 4250 250,
945 4189 1058 4246 20-252,
1073 4189 1099 4238 3.
1115 4190 1175 4249 252,
1190 4188 1298 4247 17-253‚
1310 4189 1335 4238 8.
1350 4188 1411 4246 252,
1425 4188 1502 4236 4-16.

361 4272 422 4328 253,
437 4271 510 4319 9-21.
529 4270 590 4328 249,
608 4269 700 4328 6-250,
721 4271 752 4317 lt)
770 4269 863 4334 (Licet
880 4263 912 4319 co
930 4275 1013 4319 actus
1031 4303 1147 4320 ........
1158 4269 1240 4332 (aid).
1258 4267 1320 4328 253,
1339 4267 1453 4327 22-258,
1472 4269 1504 4316 16

360 4408 376 4455 9
393 4411 451 4471 por]
465 4421 547 4454 areca
561 4401 715 4454 condunato
729 4420 746 4470 q
761 4404 796 4469 ⁴⁴¹3
812 4418 930 4470 operae
945 4403 1012 4453 cart
1022 4408 1139 4453 corrotec
1189 4356 1337 4468 rdiorpus
1351 4402 1374 4452 A
1423 4402 1451 4452 21
1468 4418 1502 4451 uu

362 4486 477 4536 Atrium
490 4484 609 4535 Daedali
623 4501 676 4534 uon
689 4483 764 4536 estate
775 4485 819 4537 nel
832 4491 894 4536 tecle
907 4484 950 4536 aa
960 4489 1072 4536 trattato
1087 4487 1150 4551 (per
1162 4484 1241 4550 calpa
1251 4480 1294 4534 dei
1307 4481 1403 4549 copisti
1413 4482 1436 4546 7)

496 4580 573 4620 ssuun
590 4579 643 4628 Opp.
658 4579 697 4619 lut.
714 4580 755 4618 111.
1318 4578 1344 4616 22
