3488 5108
604 405 649 451 Db}
670 405 775 449 MAGIA
797 402 1048 448 Msrrruufflcs.

593 666 775 727 TERTIVS
797 665 1058 727 TRACTATVS.

332 905 455 966 XXVI.
476 904 513 964 In
531 903 737 982 applicatione
760 903 929 963 activorum
946 911 979 963 et
995 903 1187 982 passivorum
1209 906 1402 967 considerau-

251 1015 309 1075 dae
322 1019 395 1074 aunt
409 1012 506 1092 primo
522 1011 740 1072 elementorum
755 1010 961 1089 proprietates
977 1017 1008 1071 et
1022 1021 1161 1089 naturae,
1178 1012 1400 1074 considerando

251 1125 371 1199 inquam
394 1126 429 1180 ut
450 1138 528 1199 pura
556 1126 588 1177 et
613 1125 647 1178 ut
674 1118 857 1196 composita,
886 1126 920 1178 ut
947 1119 1158 1198 corruptibilia
1184 1120 1282 1198 magis
1310 1127 1401 1197 atque

207 1239 229 1302 5
252 1229 365 1303 minus,
386 1234 515 1305 atquae
532 1227 563 1284 in
581 1225 721 1284 ominibus
742 1225 842 1286 omnia
862 1226 991 1304 faciunt,
1009 1235 1043 1287 ut
1065 1246 1141 1302 quae
1159 1248 1214 1306 per
1232 1237 1328 1287 artem
1347 1249 1402 1306 pu·

252 1336 411 1397 rifioantur
433 1341 465 1394 et
494 1333 532 1393 ad
554 1332 785 1411 simplieitatem
811 1333 1009 1410 reducuntur,
1036 1342 1070 1394 ut
1096 1356 1174 1411 qnae
1201 1336 1231 1394 in
1260 1335 1402 1396 diversas

252 1441 374 1520 speeies
391 1439 598 1501 conficiendas
619 1449 853 1518 componuntur,
879 1448 912 1500 ut
935 1460 1012 1517 quae
1041 1462 1117 1519 pura
1138 1443 1252 1519 optime
1270 1450 1400 1521 possunt

252 1545 371 1625 impura
384 1554 536 1623 utcunque
555 1545 724 1624 composita
745 1565 800 1623 per
825 1545 999 1606 innumeros
1023 1546 1150 1623 gradus,
1167 1547 1400 1608 innumerabilis

252 1660 424 1734 praestant,
439 1654 533 1713 oertis
547 1652 661 1731 quippe
675 1651 834 1712 ordinibus
851 1661 953 1713 certae
969 1653 1177 1731 producuntur
1193 1656 1327 1733 species,
1347 1675 1401 1734 per

189 1771 230 1835 10
251 1759 320 1840 ipsa
337 1780 443 1820 omues
460 1758 641 1838 ligationes,
658 1759 839 1835 solutiones,
859 1761 1138 1839 transmutationes,
1157 1761 1399 1839 praedietioues,

252 1867 480 1929 eonoiliatioues
498 1869 645 1927 bonorum
664 1877 696 1927 et
712 1868 892 1927 exterminia
910 1867 1066 1928 melorum.
1084 1869 1202 1942 Horum
1220 1871 1355 1946 cognitio
1370 1878 1403 1929 et

252 1975 406 2054 sagacitas
424 1975 504 2036 cirea
522 1975 629 2036 eadem
648 1974 719 2058 [est]
738 1972 966 2036 fundamentum
986 1984 1034 2037 ost
1050 1977 1213 2038 universae
1229 1979 1358 2054 magiae.

293 2240 345 2302 De
365 2241 463 2317 ignis
486 2240 668 2317 potentia,
693 2258 759 2299 neo
785 2260 854 2300 non
876 2250 1009 2319 torrae,
1042 2261 1157 2318 aquae
1189 2251 1224 2301 et
1252 2243 1360 2301 aeris.

336 2484 424 2560 Ignis
439 2482 647 2543 activissimus
662 2481 794 2542 omnium
811 2482 910 2541 omnia
921 2490 1063 2561 penetrat
1078 2490 1129 2543 uto.
1144 2484 1304 2561 (Api-ippo,
1313 2506 1345 2561 p.
1359 2487 1399 2555 7).

190 2591 230 2655 lb
254 2611 276 2651 11
304 2592 551 2670 compositorum
568 2611 682 2669 genera
708 2590 931 2650 corrsideranda
958 2598 1029 2649 suut
1055 2591 1205 2668 quomodo
1223 2589 1253 2649 in
1271 2599 1399 2668 quatuor

252 2700 314 2760 sint
329 2699 494 2759 distributa
513 2698 673 2777 supposita
692 2706 742 2757 ete.
762 2716 766 2761 l
775 2724 807 2774 p.
828 2701 873 2771 16)
886 2733 922 2742 -
936 2696 1027 2780 [8οἾ
1039 2718 1121 2757 -ιιι
1137 2698 1398 2759 Considerandum

253 2806 361 2867 ordine
378 2805 509 2884 quodam
527 2805 678 2864 elementa
698 2807 759 2863 ista
782 2804 820 2863 ud
842 2804 944 2864 caelos
966 2803 1088 2882 referri,
1108 2805 1187 2865 siout
1205 2814 1256 2865 uc.
1276 2807 1287 2873 l
1291 2831 1321 2882 p.
1340 2809 1398 2884 18).

252 2933 284 2974 1v
309 2912 558 2975 Considerandao
580 2920 651 2972 suut
672 2915 817 2989 virtutes,
836 2933 913 2988 quae
931 2914 969 2972 ab
988 2913 1149 2973 elementis
1176 2913 1322 2991 proximis
1349 2913 1399 2972 de·

253 3022 389 3105 pendent
407 3030 459 3083 ete.
482 3023 492 3093 l
495 3044 528 3097 p.
551 3024 609 3099 m).
629 3039 646 3076 v
673 3019 921 3082 considerandae
951 3028 1023 3081 suut
1043 3041 1098 3099 pro
1124 3021 1241 3081 viribus
1268 3022 1399 3082 virtutes

187 3128 231 3192 20
252 3133 336 3207 illae,
356 3150 433 3207 quae
451 3129 490 3188 ad
505 3127 627 3204 aliquod
646 3129 864 3188 elementorum
882 3128 933 3188 vix
950 3128 1060 3188 referri
1078 3137 1220 3207 possunt,
1237 3135 1269 3188 ut
1284 3129 1400 3206 pellere

253 3258 418 3315 venerium,
436 3237 592 3298 attrahere
614 3235 739 3311 ferrum,
765 3256 913 3296 evacuare
942 3236 1096 3296 choleram
1119 3244 1191 3311 eto.;
1212 3245 1242 3296 et
1269 3235 1400 3295 virtutes

251 3345 322 3406 illas
339 3366 416 3423 quae
434 3344 605 3430 [81rleum
622 3344 744 3402 minima
759 3344 887 3403 materia
904 3344 1066 3422 plurimum
1079 3353 1222 3422 possunt,
1239 3363 1315 3420 quaa
1330 3343 1399 3404 ideo

253 3474 287 3515 ss
304 3461 514 3533 protestantur
533 3460 585 3512 etc.
609 3466 654 3528 (p.
679 3455 736 3529 21).
757 3452 823 3512 Neo
844 3459 892 3512 est
914 3452 1064 3530 propositi
1087 3451 1182 3511 nostri
1206 3451 1400 3512 considerare

253 3561 331 3620 unde
351 3570 382 3621 ot
398 3560 548 3636 quomodo
567 3559 639 3619 illae
657 3560 789 3620 uirtutes
812 3561 949 3620 occultae
976 3559 1185 3633 indumentum
1206 3559 1398 3634 nequeenim

187 3674 232 3738 ςὶῐ)
256 3671 419 3747 probamus
440 3687 518 3744 quae
539 3666 715 3728 falmlantur
736 3669 823 3728 multi
846 3668 884 3728 de
904 3669 1063 3727 stellarum
1085 3666 1193 3743 radiis,
1216 3666 1253 3725 do
1271 3665 1349 3725 ideis
1371 3675 1402 3725 et

254 3777 292 3836 do
322 3776 493 3836 rationibus
511 3776 629 3835 animae
647 3776 750 3835 muudi
772 3777 993 3852 obloquuntur,
1016 3774 1129 3833 suffieit
1150 3773 1227 3834 seire
1249 3773 1398 3848 quomodo

255 3882 395 3944 divorsae
413 3884 532 3961 species
551 3891 581 3942 et
600 3882 724 3943 diversa
742 3882 878 3943 eiusdem
896 3882 1009 3959 speciei
1027 3880 1183 3940 individua
1201 3880 1332 3939 diversis
1349 3900 1400 3958 ap-

254 3991 412 4068 paratibus
430 3999 461 4051 et
479 3990 733 4068 dispositionibus
755 3991 896 4050 divorsos
918 3989 1066 4067 recipiant
1084 3987 1223 4047 influxus.
1247 3998 1277 4036 V!
1296 3986 1400 4046 Consi-

254 4100 420 4159 derandum
436 4108 484 4160 est
498 4099 751 4175 quemadmodum
768 4118 868 4158 rerum
886 4098 1016 4157 virtutes
1031 4095 1210 4171 investigari
1222 4102 1253 4153 ot
1267 4093 1399 4172 experiri

258 4279 530 4289 ———-.--
537 4283 543 4288 .
550 4280 894 4289 ....-..-—---——-----
940 4279 1066 4286 --..-—-—·
1075 4279 1150 4284 --—--
1162 4277 1391 4285 ——-—-—-—

349 4394 364 4443 5
379 4398 412 4445 ut
423 4409 496 4459 quae
507 4393 646 4458 (loprima
657 4394 738 4460 uoltu)
749 4408 820 4443 corr.
831 4392 863 4441 Μ
869 4409 875 4442 :
888 4396 976 4458 utque
987 4391 1019 4442 M
1025 4395 1031 4427 ¹
1096 4392 1120 4442 ἵ.
1130 4391 1146 4440 8
1157 4386 1195 4440 aio
1203 4391 1235 4441 l!
1295 4393 1325 4442 12
1339 4408 1399 4442 aaa·

258 4473 377 4526 celliamo
394 4481 457 4537 [est]
520 4476 551 4525 24
565 4490 619 4541 sqq.
633 4483 724 4527 coutro
735 4474 864 4543 Aprippa
874 4492 904 4538 p.
920 4476 955 4523 23
968 4490 1006 4539 aq.
1070 4472 1102 4524 25
1118 4472 1209 4524 idaeis
1221 4472 1253 4522 Μ
