3488 5108
605 432 735 478 usuras
754 434 911 481 summm
932 434 1138 482 srarvnavu.
1419 426 1438 482 9

296 588 368 654 lum
384 588 546 655 tenebrae
566 595 670 676 atque
689 591 762 675 lux,
779 591 837 657 sed
857 600 891 658 et
906 594 1003 660 varia
1018 594 1285 683 philosophandi
1301 619 1437 685 genera.

296 713 417 800 Neque
441 714 533 780 enim
557 738 686 782 novum
710 724 762 783 est
786 718 876 802 quod
899 718 985 785 dicit
1008 720 1211 787 Aristoteles
1236 723 1277 788 in
1300 723 1367 789 lib.
1392 722 1438 790 de

297 839 436 922 Ocelo,
458 863 596 908 necesse
614 864 685 909 osse
702 866 821 909 sensus
837 844 1041 932 easdemque
1058 846 1238 935 opiniones
1255 850 1356 916 certis
1372 856 1439 916 sta-

296 965 410 1053 tisque
429 968 574 1034 saeculis
594 969 715 1034 redire.
740 970 814 1036 Iam
834 994 932 1057 erg0,
953 973 1053 1058 quasi
1071 997 1133 1060 per
1152 975 1310 1043 umbram
1334 984 1438 1064 atque

252 1096 273 1159 5
296 1091 451 1175 titulum,
470 1116 532 1180 per
554 1094 638 1160 haee
661 1095 825 1179 intenti0,
850 1097 998 1183 utilitas,
1023 1099 1143 1167 modus
1163 1102 1305 1168 stratio
1324 1124 1439 1191 proce·

296 1216 400 1283 dendi
419 1219 592 1304 explicata
611 1222 665 1287 sit.
688 1221 786 1300 Quod
801 1230 969 1310 superest,
987 1223 1030 1290 ad
1047 1248 1101 1312 ea,
1120 1248 1206 1311 quae
1223 1228 1266 1295 ad
1282 1230 1438 1296 substan·

296 1343 382 1410 tiam
401 1344 452 1410 rei
470 1346 660 1431 pertinent,
680 1348 892 1415 accedamus,

536 1638 605 1712 DE
628 1637 825 1716 TRIBVS
866 1639 1217 1733 INFORMIBVS,
1463 1634 1580 1696 100*

562 1781 632 1855 ET
673 1782 1167 1860 INFIGVRABILIBVS.

231 2042 273 2105 10
385 2041 584 2127 Antequam
603 2042 647 2107 ad
670 2041 798 2108 ideales
826 2050 861 2107 et
888 2044 1054 2111 formatas
1083 2053 1215 2113 statuas
1242 2047 1439 2134 pregre-dia

294 2190 384 2250 mur,
404 2168 448 2233 ad
467 2169 756 2256 complementum
774 2171 1075 2238 considerabilium
1093 2173 1325 2241 subiectorum
1341 2176 1438 2262 prius

294 2293 335 2360 de
359 2294 475 2360 tribus
503 2295 784 2381 infigurabilibus
813 2297 943 2362 mentio
971 2300 1042 2364 fiat.
1074 2300 1154 2385 Ipsa
1185 2307 1267 2366 sunt
1294 2301 1436 2385 Chaos,

295 2420 423 2486 Orcus
443 2428 477 2485 et
496 2420 601 2503 Nox,
621 2445 640 2485 e
661 2422 786 2507 quibus
806 2421 917 2488 Chaos
941 2423 1116 2510 significat
1139 2447 1303 2510 vacuum,
1328 2425 1437 2494 Orcus

293 2549 467 2637 passivam
485 2556 519 2615 et
538 2549 749 2636 receptivam
768 2550 974 2636 potentiam,
995 2550 1072 2617 Nox
1092 2552 1281 2618 materiam.

229 2852 271 2916 15
394 2849 469 2923 DE
511 2848 684 2924 PRIMO
725 2850 1109 2927 INFIGVRABILI
1150 2852 1337 2930 CHAOS.

383 3092 500 3158 Habet
528 3114 610 3179 ergo
645 3090 756 3158 Chaos
780 3113 849 3157 non
874 3099 1039 3175 statuam,
1073 3115 1143 3159 non
1177 3094 1338 3180 figurem,
1367 3116 1437 3160 non

295 3217 579 3304 imaginationem
606 3242 665 3284 seu
685 3218 1028 3305 imaginabilitatem,
1046 3218 1105 3284 sed
1121 3219 1291 3286 rationem
1315 3227 1436 3308 utpote

294 3344 635 3412 ratiocinabilitatom
664 3368 734 3412 non
763 3346 836 3411 sine
860 3346 1017 3411 veritate.
1041 3345 1156 3433 Ipsius
1183 3345 1330 3433 triginta
1354 3354 1436 3412 sunt

294 3470 447 3537 articuli:

228 3594 272 3658 20
384 3598 522 3663 Primus
542 3598 633 3683 quod
653 3597 758 3663 index
778 3598 871 3663 illius
891 3605 942 3664 est
962 3619 1144 3685 corporum
1168 3599 1205 3665 in
1229 3599 1347 3666 eodem
1364 3623 1436 3666 suc-

295 3724 401 3790 cessio
420 3725 512 3807 loco;
532 3724 620 3789 aeris
641 3724 733 3789 euim
752 3747 831 3811 pars
858 3724 946 3789 aeris
970 3725 1062 3811 parti
1086 3724 1251 3809 succedit,
1276 3725 1436 3793 similiter

295 3873 403 3936 aquae
422 3872 503 3937 pars
523 3873 632 3935 aquae
651 3850 756 3938 parti,
776 3850 867 3915 unde
886 3872 997 3935 usque
1016 3858 1074 3915 a'er
1092 3873 1202 3936 noque
1223 3874 1313 3938 aqua
1336 3852 1433 3917 intel·

294 3976 415 4062 ligitur
439 3998 511 4041 csse
534 3976 698 4063 spatium,
723 3976 783 4042 scd
807 3976 843 4040 in
867 3977 993 4063 spatio,
1021 3976 1113 4061 quod
1138 4000 1220 4042 sano
1245 3977 1434 4044 aliudesse

294 4109 430 4190 oportet
448 4103 493 4169 ab
510 4110 664 4190 utroque.

385 4400 401 4449 2
418 4398 602 4465 Aristoteles]
617 4417 647 4464 p.
666 4401 730 4448 270³
747 4402 777 4449 19
855 4402 935 4450 9212
951 4398 1154 4465 infiguralibus
1172 4402 1194 4449 A
1264 4400 1295 4449 1⁸3
1311 4400 1435 4450 rationa-

294 4480 434 4532 bilitatem
448 4480 481 4530 Μ
525 4480 557 4530 22
573 4495 666 4546 noque
676 4479 733 4549 eor]
746 4496 840 4547 neque
854 4495 920 4547 pars
932 4486 981 4532 atr
989 4479 1083 4545 priora
1093 4480 1166 4530 (Ietta
1177 4495 1277 4530 corros.
1290 4478 1314 4530 A

424 4572 501 4634 ιικυιί
519 4595 574 4643 epp.
587 4595 627 4632 uu
639 4593 682 4634 ιιι,
1264 4596 1276 4633 ι
