3488 5108
708 425 752 470 nu
774 426 890 471 annun
912 427 1088 471 rarncmus
1109 425 1179 470 arc.
1457 408 1517 467 513

374 579 502 644 ciorum
522 602 581 645 sau
599 580 806 666 imaginum,
825 582 909 647 item
930 583 1136 667 qualitatum
1156 581 1363 662 activarum,
1384 580 1421 645 in
1442 579 1515 664 qui·

375 704 437 769 bus
457 713 508 770 est
527 705 737 793 principium
757 706 978 773 alterativum
1005 716 1039 772 et
1058 707 1326 773 immutativnm.

461 830 487 894 Ι.
509 830 646 896 Dicitur
669 832 880 915 substantia,
903 832 1179 918 quandoquidem
1203 839 1278 896 tum
1303 829 1515 896 authoritate

372 956 548 1039 Mercurii,
573 955 821 1023 Chaldaeorum
851 965 885 1023 et
909 958 1052 1041 Moisae,
1082 958 1142 1044 qui
1170 980 1241 1023 rem
1271 964 1420 1023 creatam
1444 978 1514 1021 non

327 1077 347 1137 5
372 1089 588 1146 concreatum
601 1089 786 1165 testantur,
802 1090 841 1147 ut
857 1082 989 1148 dictum
1005 1092 1069 1165 est,
1086 1082 1129 1148 ad
1145 1105 1231 1170 opus
1247 1083 1379 1170 primae
1392 1082 1461 1147 diei
1477 1082 1514 1146 in

372 1207 442 1272 sirie
462 1206 637 1295 parabolis
661 1208 788 1289 relata;
810 1208 959 1273 secundo
983 1208 1131 1291 ratione,
1151 1208 1232 1292 quia
1251 1207 1340 1272 nulli
1360 1207 1514 1272 subiecto

371 1339 423 1396 est
440 1331 599 1417 alligata,
617 1330 660 1396 ab
674 1332 769 1398 omni
785 1330 940 1398 subiecto
954 1331 1161 1416 absolvitur,
1175 1331 1335 1419 producit
1352 1333 1513 1414 calorem,

371 1479 460 1541 quae
480 1456 695 1522 conditiones
715 1463 796 1523 sunt
816 1458 950 1523 alienae
969 1481 988 1523 a
1009 1457 1265 1524 conditionibus
1289 1479 1407 1522 eorum
1428 1479 1514 1543 quae

370 1581 564 1647 accidentia
584 1583 814 1669 appellantur.

308 1711 347 1772 10
459 1708 504 1772 Π.
535 1708 598 1773 Est
629 1731 690 1795 per
721 1732 757 1774 se
791 1709 1016 1790 insensibilis,
1047 1707 1325 1794 quandoquidem
1356 1708 1414 1772 lux
1444 1729 1514 1772 non

371 1839 422 1898 eat
442 1832 628 1913 serisibilia,
648 1833 707 1898 sed
726 1834 880 1899 lucidum
904 1858 963 1900 seu
983 1836 1114 1918 lucens,
1144 1855 1267 1920 nempe
1287 1833 1324 1897 in
1352 1855 1412 1897 sua
1431 1833 1513 1898 eim·

370 1956 527 2044 plicitate
546 1981 616 2022 non
636 1965 688 2022 est
706 1981 867 2024 sensuum
897 1959 1083 2041 obiectum,
1104 1958 1162 2024 sed
1182 1959 1219 2023 in
1244 1957 1510 2044 compositione,

372 2082 463 2147 unde
493 2083 580 2147 bene
611 2083 737 2149 Moisea
767 2084 953 2149 luminaria
984 2084 1151 2170 producta
1174 2084 1218 2149 ad
1241 2091 1403 2169 quartam
1422 2082 1513 2147 diem

276 2237 279 2244 ·
373 2207 519 2289 reducit,
539 2209 656 2274 lumen
676 2232 695 2272 a
716 2210 791 2274 luce
811 2209 1037 2294 distinguens.

306 2329 347 2391 15
459 2334 523 2399 III.
545 2335 727 2401 Sensibilis
747 2334 874 2401 dicitur
892 2357 954 2423 per
974 2336 1204 2400 substantiam
1223 2334 1413 2417 humidam,
1432 2333 1512 2418 quia

367 2482 436 2524 non
455 2461 552 2547 prius
581 2462 640 2527 lux
665 2462 771 2543 lucet,
802 2484 906 2548 quarn
935 2461 1139 2548 migraverit
1169 2461 1204 2526 in
1231 2460 1322 2547 ignia
1352 2460 1509 2526 substan-

366 2587 465 2670 tiam,
487 2588 578 2672 quod
595 2594 646 2653 est
666 2587 725 2652 ubi
744 2587 782 2652 in
802 2611 924 2675 corpus
943 2587 1096 2653 lucidum
1117 2588 1171 2653 vel
1191 2609 1252 2674 per
1270 2609 1306 2651 se
1324 2608 1385 2673 per
1405 2585 1509 2650 aliud.

366 2711 499 2799 Corpus
526 2712 678 2778 lucidum
698 2735 760 2799 per
784 2737 818 2777 ae
843 2720 894 2778 cst
925 2713 1120 2779 substantia
1144 2712 1299 2791 humida,
1328 2734 1430 2798 quam
1450 2711 1510 2775 lux

366 2837 523 2903 intimius
546 2838 760 2924 penetrando
784 2838 959 2913 accendit,
984 2838 1174 2904 cuiusmodi
1199 2845 1251 2903 cet
1275 2838 1386 2902 omnis
1414 2836 1509 2900 flam·

297 2964 341 3026 ‘20
364 2987 421 3028 ma
444 2974 478 3028 ct
507 2987 606 3029 omne
631 2966 797 3051 ignitum3
815 2988 877 3052 per
901 2965 1009 3044 aliud,
1034 2966 1123 3030 sicut
1154 2988 1276 3051 corpus
1310 2965 1506 3050 diaphanou

363 3091 587 3156 terminatum
607 3114 714 3178 opaco
734 3093 788 3156 cui
809 3091 1005 3178 superficies
1025 3091 1112 3156 lenia
1132 3099 1192 3155 eat.
1214 3091 1314 3157 Unde
1327 3091 1440 3156 lucere
1459 3090 1509 3154 vi-

362 3214 481 3280 demus
505 3238 645 3302 aquam,
667 3216 812 3297 vitrum,
834 3215 1037 3302 crystallum
1054 3223 1088 3279 et
1112 3217 1245 3301 reliqua
1265 3217 1397 3298 omnia,
1418 3237 1506 3299 quae

362 3361 432 3405 non
445 3342 518 3407 sine
537 3365 625 3428 aqua
638 3350 720 3407 sunt
733 3341 938 3407 huiusmodi.
956 3343 1142 3429 Propterea
1156 3342 1391 3408 concludimus
1406 3363 1507 3407 omne

363 3487 487 3551 corpus
506 3467 658 3532 lucidum
679 3491 751 3531 enee
771 3486 931 3553 aqueum,
951 3466 1063 3532 lucem
1083 3489 1162 3532 vero
1183 3490 1255 3533 esse
1275 3467 1506 3533 substantiam
1599 3526 1602 3531 .

295 3591 338 3654 25
363 3592 536 3673 quandam
556 3593 592 3657 in
613 3614 702 3677 aqua
722 3594 774 3657 vel
792 3614 869 3657 cum
884 3615 973 3677 aqua
992 3592 1048 3658 vel
1068 3592 1158 3658 circa
1177 3616 1312 3679 aquam.

450 3720 509 3783 IV.
531 3719 669 3785 Dicitur
697 3743 732 3784 sc
762 3726 836 3785 tota
866 3720 1131 3786 communicans.
1158 3721 1233 3785 Lux
1264 3720 1356 3785 cuim
1387 3728 1422 3784 et
1444 3742 1506 3807 per

370 3895 507 3901 *..--
584 3894 630 3900 .--
759 3894 795 3898 ..
852 3894 856 3898 .
902 3891 907 3897 ι
935 3892 939 3897 -
988 3892 993 3897 .
1024 3892 1056 3898 ...
1114 3895 1126 3899 ..
1150 3895 1154 3899 .
1408 3891 1495 3900 .---

454 4001 536 4062 tlaqq.
550 4000 585 4061 cf.
607 3998 676 4047 uella
690 3996 849 4062 pretaxate
866 3998 893 4047 la
911 4005 974 4047 nola
992 3997 1143 4063 marpinulc
1161 3997 1203 4047 del
1219 3998 1275 4047 cod.
1297 3998 1319 4047 C
1331 4015 1348 4045 u
1357 4015 1386 4062 p.
1400 4001 1461 4056 301,
1475 4000 1504 4047 17

361 4080 403 4129 dci
418 4077 605 4132 Ocrrrnnnlurt'i
623 4077 787 4129 ⁴lriatotelt'ci
851 4079 879 4128 in
895 4095 979 4143 irrarp.
999 4093 1056 4127 non
1074 4079 1109 4141 (ἱ)
1129 4079 1251 4129 ‹licimus
1267 4079 1315 4141 (l),
1336 4080 1410 4144 quod
1427 4079 1504 4129 Deus

360 4162 430 4211 fecit
445 4161 534 4210 ullum
549 4160 584 4223 (5)
600 4159 744 4223 accidens,
760 4174 873 4224 semper
888 4160 915 4209 id
930 4159 1006 4224 quod
1019 4165 1063 4209 est
1078 4167 1106 4208 ot
1118 4160 1299 4224 suppositum
1312 4160 1361 4221 (5),
1376 4159 1504 4209 actiones

361 4245 436 4292 enim
457 4251 526 4292 sunt
549 4240 771 4305 suppositiones.
796 4240 825 4288 l!
889 4241 904 4288 4
931 4239 1075 4298 Mercurii]
1103 4232 1137 4299 pn
1165 4240 1206 4292 M.
1231 4240 1296 4290 douc
1318 4240 1504 4289 Caldnaorum

359 4325 375 4371 n
391 4323 482 4373 relata
492 4322 526 4385 (l)
538 4315 596 4371 lls:
609 4323 700 4370 relato
710 4313 756 4369 „p
821 4322 835 4369 7
852 4325 917 4369 sotto
928 4337 944 4367 a
956 4320 1088 4382 producit
1103 4320 1124 4367 c'
1136 4318 1148 4367 e)
1161 4317 1252 4368 arrum
1263 4319 1401 4384 producta
1412 4319 1446 4380 (l)
1460 4326 1505 4368 out

360 4403 495 4466 producit
556 4439 576 4451 ..
642 4403 672 4450 13
690 4404 755 4451 (len.
775 4404 794 4459 l,
812 4403 841 4449 lo*
908 4400 936 4448 18
953 4406 1015 4448 nola
1028 4399 1179 4463 pierrpc'nalc
1192 4398 1221 4449 di
1237 4399 1269 4449 M
1278 4417 1329 4463 per
1343 4399 1389 4449 noi
1403 4398 1503 4465 illeppi-

360 4482 410 4533 bile
472 4486 502 4534 21
520 4481 557 4532 uic
572 4481 603 4531 ll
615 4482 649 4545 (t)
713 4483 745 4530 22
762 4481 922 4530 cristallum
937 4480 968 4529 Μ
1029 4484 1060 4530 ‘lo'
1071 4482 1151 4546 forae
1169 4480 1326 4546 totam;cs.
1343 4499 1372 4544 p.
1389 4484 1452 4540 512,
1468 4480 1503 4529 24

494 4577 569 4617 Binum
586 4576 640 4624 opp.
656 4575 696 4612 lul.
714 4573 754 4612 111.
1317 4573 1343 4613 at
