3488 5108
291 370 329 427 dd
729 375 868 421 lonntm
889 373 990 421 REVM

291 535 469 618 consistat,
491 558 510 599 a
529 556 597 620 quo
619 530 789 621 procedit,
812 528 1101 616 quamadmodum
1125 528 1299 595 radiorum
1315 528 1431 615 fulgor

291 661 341 727 ita
357 667 450 726 totus
466 666 518 725 est
534 658 661 725 ollusus
679 656 715 722 in
731 655 796 722 hoc
811 653 1117 750 hemisphaerium,
1134 660 1175 720 ut
1191 655 1296 721 etiam
1316 677 1431 721 secun·

290 786 372 853 dum
390 792 499 852 totam
524 783 753 851 substantiam
782 782 820 848 iu
838 763 964 864 solati
984 803 1051 866 quo
1074 779 1243 868 procedit,
1272 780 1318 846 sit
1342 781 1431 847 radi·

291 918 396 979 (ratus.

246 1049 267 1113 b
379 1036 443 1103 XI.
469 1035 631 1123 Intelligo
664 1035 814 1102 animam
845 1055 916 1099 esee
947 1032 984 1098 in
1014 1053 1171 1119 corpore,
1193 1033 1270 1100 ideo
1294 1033 1376 1120 quia
1395 1033 1432 1099 in

290 1185 430 1251 corporo
465 1162 618 1250 operatio
649 1160 722 1227 eius
755 1158 934 1247 perficitur
962 1164 1121 1243 externa,
1159 1158 1315 1246 alioquin
1348 1181 1431 1225 vero

289 1289 405 1378 potius
423 1289 605 1355 dicendum
622 1293 674 1353 ost
689 1308 811 1374 corpus
831 1308 903 1351 esso
922 1285 960 1350 in
979 1285 1107 1370 anima,
1128 1286 1280 1353 animam
1300 1309 1373 1352 essa
1393 1285 1430 1353 in

290 1414 482 1497 intellectu,
512 1413 727 1479 intellectum
755 1434 827 1477 esse
858 1410 895 1476 in
925 1417 1054 1494 mente,
1085 1432 1189 1497 quam
1209 1434 1227 1475 e
1251 1432 1432 1497 converso;

291 1540 373 1627 quia
385 1539 500 1605 verius
521 1538 728 1627 principiata
741 1544 823 1603 sunt
842 1536 879 1602 in
890 1535 1077 1625 principio,
1091 1559 1196 1624 quam
1214 1536 1428 1626 principium

225 1673 267 1735 lo
290 1665 326 1732 in
345 1664 424 1731 illis.

378 1790 459 1858 XII.
480 1789 630 1877 Concipe
646 1788 719 1854 eius
736 1787 935 1854 descensum
947 1787 1078 1875 pariter
1091 1794 1124 1854 et
1141 1811 1320 1856 ascensum
1339 1790 1428 1857 sicut

289 1918 326 1983 in
345 1921 436 2001 rota,
469 1915 565 1982 cuius
593 1915 643 1980 ita
671 1920 788 2002 partes
820 1912 987 1999 quaedam
1011 1913 1157 2000 deprimi
1187 1897 1363 1998 ¹videntur,
1389 1923 1429 1983 ut

288 2043 377 2109 taliae
396 2041 585 2107 necessario
615 2039 835 2118 attollentum
860 2046 895 2104 et
923 2039 959 2104 in
979 2039 1160 2108 individuo
1189 2049 1286 2108 rotae
1310 2049 1428 2111 centro

288 2168 343 2235 vel
363 2167 514 2254 ‹prietam
540 2165 785 2253 imaginemur,
806 2165 835 2231 si
866 2164 1021 2232 absolute
1045 2166 1091 2232 sit
1114 2165 1349 2251 individuum,
1373 2169 1429 2235 vel

224 2299 265 2363 to
289 2315 466 2360 ascensum
487 2291 642 2358 simulet
668 2290 880 2374 descensum,
901 2290 931 2356 si
957 2291 1109 2378 primum
1127 2292 1173 2358 sit
1197 2292 1427 2361 individuum.

289 2418 371 2483 Tale
395 2423 446 2483 est
474 2416 602 2501 anima,
632 2438 718 2502 quae
749 2415 851 2482 simul
881 2415 1058 2482 descendit
1081 2417 1118 2483 in
1146 2417 1312 2485 inferiora
1341 2442 1428 2506 qnae

291 2542 458 2627 vivificet,
495 2549 529 2607 et
564 2541 717 2608 ascendit
752 2541 789 2606 in
825 2542 1001 2629 superiora
1038 2565 1125 2629 quae
1160 2544 1427 2632 contemplatum

288 2667 390 2734 simul
419 2668 523 2735 otiam
553 2666 670 2734 eadem
699 2667 835 2734 ratione
863 2667 1073 2755 intelligitur
1091 2669 1202 2735 veluti
1224 2679 1367 2738 extenta
1392 2671 1429 2738 in

287 2793 510 2860 multitudino
533 2800 567 2859 et
591 2792 820 2882 amplitudine
840 2815 956 2859 eorum
982 2794 1107 2880 quibus
1127 2818 1162 2860 se
1187 2796 1428 2883 communicat,

220 2926 264 2988 ‘lo
287 2926 321 2983 et
343 2918 493 2985 indivisa
520 2927 555 2985 et
573 2919 688 2985 varius
719 2918 967 3005 quodammodo
992 2926 1066 2986 tota
1090 2920 1128 2987 in
1158 2943 1197 2986 eo
1216 2944 1236 2987 a
1256 2943 1323 3006 quo
1351 2943 1428 3008 pro-

289 3045 387 3111 rudit.

375 3170 476 3235 XIII.
497 3170 552 3235 Ita
571 3169 714 3257 spiritus
734 3176 768 3234 ct
787 3170 902 3236 anima
927 3170 1046 3237 numdi
1066 3179 1226 3260 penetrat
1257 3173 1375 3239 omnia
1393 3181 1428 3240 et

287 3304 339 3359 ost
358 3295 395 3361 in
414 3296 588 3379 ommibus,
619 3304 659 3362 ut
677 3295 765 3361 nulli
794 3295 1036 3383 admiscentur,
1057 3299 1094 3363 in
1113 3298 1243 3364 nullius
1267 3300 1427 3366 substan·

287 3422 372 3487 timu
412 3428 582 3503 transeut,
619 3443 729 3506 neque
765 3420 868 3487 ullius
903 3422 938 3486 in
975 3445 1010 3487 se
1045 3423 1155 3510 ipsam
1195 3424 1426 3491 substantiam

220 3553 263 3615 ‘lo
288 3554 511 3629 transmutet,
531 3547 620 3613 sicut
639 3547 676 3612 in
696 3547 770 3613 luce
794 3552 845 3613 cst
865 3546 1087 3614 manifestum
1111 3555 1146 3613 et
1164 3549 1347 3636 splendore
1365 3574 1427 3638 per

287 3685 397 3741 adrem
418 3674 559 3757 ditl'uso,
579 3682 618 3741 ut
634 3674 765 3741 nullam
785 3675 873 3741 adris
894 3676 1097 3762 qualitatem
1116 3677 1283 3765 suscipiat
1302 3678 1385 3765 ipse.

375 3802 471 3867 XIV.
491 3801 622 3887 Fulget·
641 3801 705 3867 iste
726 3801 921 3868 divinitatis
950 3803 1224 3890 incorruptibilis
1247 3811 1353 3869 estet
1373 3804 1422 3869 in·
1448 3808 1562 3872 123v

286 3929 460 4011 ‹lofin-icus,
491 3928 575 3993 sicut
605 3928 694 3993 basis
725 3929 819 3995 illius
848 3938 1015 4016 perpetuo
1044 3930 1178 4015 eadem,
1206 3941 1241 3997 et
1269 3938 1426 3996 centrum

295 4122 319 4129 --.
346 4120 376 4127 .-
392 4116 728 4127 ----.-..-—--.-
735 4118 740 4123 .

378 4226 394 4269 tt
410 4221 583 4272 saturnali:
597 4228 696 4272 extera
710 4229 735 4284 (o
750 4225 867 4279 estana)
879 4221 901 4271 A
967 4222 995 4271 ll
1013 4220 1146 4274 absoluti
1158 4226 1182 4273 A
1194 4242 1200 4274 :
1213 4224 1378 4276 absolutum
1394 4225 1427 4275 Μ

289 4306 315 4353 li
331 4304 365 4352 nd
386 4303 535 4367 superiora
555 4301 584 4350 M
648 4320 695 4351 corr
717 4304 1034 4368 vouteniploturs‘ocarc
1044 4302 1130 4367 fiiiirr
1147 4304 1287 4355 l’articolo
1299 4310 1324 4369 (c
1339 4322 1424 4356 areca

286 4435 440 4488 romiuciuto
453 4438 483 4487 13
495 4438 630 4504 Concipe)
643 4437 676 4486 lt
739 4400 844 4502 maquo
857 4436 880 4486 Λ
