3488 5108
704 438 748 483 nn
768 438 883 484 annun
904 439 1079 485 samareus
1100 439 1169 484 arc.
1443 418 1502 477 565

362 592 486 659 studiis
505 592 694 660 attentiori.
714 592 811 659 Nihil
824 594 970 660 estboni
983 594 1191 681 quodetiam
1209 593 1255 660 sit
1272 589 1500 679 impossibile,
1561 642 1567 655 .

361 719 425 783 hoc
440 725 557 785 tamen
573 718 602 784 si
621 717 761 803 iudicio,
778 720 869 803 luce,
889 727 962 786 arte
978 728 1014 786 et
1028 719 1131 806 genio
1145 740 1246 784 nemo
1265 714 1500 803 aggrediatur,

362 866 484 931 nempe
502 850 543 910 ut
561 844 660 910 aiunt
678 843 791 911 invita
810 843 981 928 Minerva,
998 844 1057 910 sad
1072 843 1236 931 inspiciat
1256 864 1301 908 an
1319 839 1501 927 instigatio

363 969 530 1054 quaedam
550 976 585 1035 et
603 968 761 1035 hilaritas
784 969 1020 1055 naturalisque
1044 969 1211 1058 appulsus
1236 969 1292 1034 vel
1315 967 1403 1033 alius
1426 964 1501 1052 qui·

318 1091 339 1153 b
362 1093 441 1161 dam
460 1117 570 1162 novus
587 1095 737 1186 impetus
756 1102 817 1162 aut
835 1095 932 1163 furor
950 1095 1077 1162 adhoc
1095 1094 1249 1182 exagitet
1268 1100 1303 1159 et
1320 1092 1455 1159 invitet.

450 1222 574 1307 Itaque
595 1222 673 1309 plus
698 1243 801 1309 quam
820 1221 904 1287 satis
924 1221 1014 1309 quod
1039 1221 1083 1288 ad
1105 1221 1169 1287 hoc
1187 1218 1404 1308 propositum
1423 1216 1502 1283 atti-

361 1353 421 1413 net
447 1352 654 1413 monstrasse
673 1345 838 1414 sufficiat:
863 1346 993 1434 species
1017 1346 1167 1413 mantiae
1191 1368 1251 1412 seu
1275 1342 1501 1410 divinationis

362 1470 568 1556 quibusdam
590 1478 672 1537 sunt
691 1477 910 1556 numeratae,
934 1493 1037 1559 porro
1068 1471 1168 1538 nobis
1198 1474 1279 1537 sunt
1308 1468 1501 1535 innumera-

362 1594 463 1680 biles,
495 1595 773 1683 quandoquidem
798 1596 886 1662 nihil
916 1604 1033 1663 estex
1064 1618 1131 1683 quo
1160 1595 1369 1683 significatio
1399 1617 1500 1660 even-

299 1725 339 1788 10
361 1727 460 1787 tuum
479 1744 550 1788 non
569 1721 680 1810 possit
700 1720 842 1788 desumi.
862 1721 910 1787 At
930 1744 1010 1788 varo
1029 1719 1304 1808 significatorum
1332 1719 1400 1786 alia
1419 1725 1500 1785 sunt

360 1847 569 1934 propinqua,
587 1846 655 1913 alia
674 1856 756 1914 sunt
773 1854 917 1932 remota,
939 1845 1006 1913 alia
1024 1846 1231 1933 longinqua,
1247 1846 1316 1912 alia
1330 1844 1499 1933 proxima.

361 1970 510 2058 Ideoque
525 1995 602 2038 curn
618 1971 795 2039 selectiora
814 1971 914 2038 nobis
933 1971 1087 2058 undique
1099 1995 1170 2039 sese
1182 1971 1330 2038 offerant
1347 1956 1381 2036 et
1395 1968 1501 2057 parti-

362 2079 528 2163 cularium
540 2096 777 2185 particularia,
789 2097 872 2184 quid
889 2121 974 2189 opus
991 2098 1091 2164 estin
1108 2096 1268 2163 omnibus
1282 2096 1338 2163 val
1350 2094 1394 2161 ad
1406 2101 1501 2161 astra

360 2230 498 2289 tantum
515 2223 571 2289 vel
585 2223 629 2289 ad
643 2229 792 2290 remotos
807 2224 992 2291 numeros?
1012 2221 1094 2291 Ideo
1111 2222 1263 2290 medicus
1282 2222 1383 2309 signa
1401 2244 1500 2309 prae·

297 2350 337 2413 15
361 2354 413 2413 tar
429 2371 468 2414 aa
485 2347 643 2435 vulgaria
662 2371 750 2436 quac
769 2349 985 2437 expertibus
1003 2355 1038 2415 61
1056 2347 1300 2433 excrementis,
1319 2370 1361 2413 ex
1381 2345 1502 2412 colori-

360 2472 424 2540 bus
440 2495 570 2557 rerum,
585 2473 758 2563 principia
774 2472 955 2541 divinandi
970 2472 1075 2542 habet
1088 2474 1194 2541 etiam
1206 2474 1275 2541 alia
1290 2471 1501 2562 proximiora

360 2621 401 2663 ex
421 2600 619 2666 occursibus
649 2607 684 2666 et
703 2600 986 2685 circumstantiis,
1018 2608 1057 2667 ut
1076 2600 1208 2668 dictum
1240 2606 1303 2684 est,
1329 2597 1388 2665 sed
1417 2596 1501 2663 haec

360 2747 430 2790 non
449 2725 524 2792 sina
542 2732 701 2814 respectu
720 2727 885 2814 temporis
905 2733 940 2794 et
957 2727 1025 2793 loci
1056 2736 1091 2794 et
1111 2727 1242 2794 ordinis
1266 2727 1500 2792 mutationum
1593 2699 1596 2703 ‚

360 2857 395 2916 et
415 2851 671 2936 alterationum,
693 2852 818 2938 quibus
835 2860 1019 2940 cognoscat
1038 2852 1208 2939 quomodo
1224 2849 1409 2918 concordet
1427 2848 1500 2916 vim

294 2985 338 3047 20
361 2976 506 3044 subiecti
527 2978 701 3046 inferioris
720 3002 797 3046 oum
815 2980 974 3067 partibus
989 2979 1091 3064 lucis,
1108 3002 1167 3046 seu
1187 2976 1257 3044 diei
1283 2987 1318 3044 61
1343 2977 1501 3044 tenebra·

360 3126 450 3186 rum,
475 3113 515 3170 ut
533 3104 664 3172 dictum
684 3113 737 3172 ast
755 3129 859 3194 supra
878 3107 915 3172 in
933 3114 1047 3194 parte,
1067 3113 1102 3172 61
1121 3104 1158 3171 in
1177 3110 1276 3193 parte
1296 3101 1429 3170 dicetur
1450 3103 1503 3168 in·

360 3230 467 3298 serius
486 3233 643 3320 sequenti
662 3239 823 3301 tractatu.

368 3431 496 3441 —-....—

438 3553 450 3599 l
465 3549 586 3599 abbiamo
598 3550 752 3614 iuterpumo
760 3551 830 3615 dopo
837 3551 987 3602 attentiori
1034 3551 1050 3602 2
1063 3551 1179 3614 ausone
1188 3550 1275 3602 sina?
1322 3555 1385 3601 arte
1394 3543 1499 3614 ww:

359 3623 469 3679 cnuM⁰
517 3633 548 3680 19
559 3631 656 3680 vimM
670 3631 718 3696 (ὓς
725 3631 1002 3695 [orrevioisaitudo?
1048 3635 1078 3682 21
1090 3648 1173 3696 sopra
1181 3648 1212 3697 p.
1226 3634 1279 3681 536
1291 3647 1346 3695 sqq.
1395 3630 1501 3681 22116·

360 3709 440 3760 disin.
461 3709 582 3761 bullica.
597 3711 625 3776 s.
642 3713 690 3760 56'
705 3728 759 3776 sqq.
774 3714 819 3761 61⁹
