3488 5108
660 426 704 470 nn
717 426 876 481 ¹rrucvms
898 428 932 472 ru
954 428 1097 473 caueae.
1391 416 1450 475 677

308 588 343 644 et
361 581 489 646 maiore
509 581 712 646 alteratione
732 583 942 668 exagitatur,
960 589 994 648 et
1010 584 1261 651 nutrimentum
1281 594 1393 652 totum
1408 587 1451 652 ad

308 711 532 790 augmentum
557 712 591 771 et
615 706 897 773 constitutionem
922 707 1094 774 individui
1119 711 1341 776 convertitur.
1362 711 1449 777 Item

308 829 351 894 ad
371 830 457 895 XIV
472 853 601 897 annum
617 832 791 919 incipiunt
808 832 894 898 bene
913 833 1055 916 vinciri;
1071 836 1228 919 quamvis
1244 835 1336 901 enim
1355 843 1449 901 aetas

307 954 418 1021 adhue
457 956 501 1021 ad
538 956 789 1023 incrementum
824 958 962 1039 tendat,
996 959 1112 1025 auctio
1147 967 1263 1025 tamen
1298 982 1367 1026 non
1397 969 1449 1026 est

262 1078 283 1140 ὗ
307 1102 413 1167 aeque
431 1082 533 1147 velox
551 1089 655 1168 etque
685 1089 783 1147 tanta
814 1090 943 1167 quauta
972 1083 1009 1148 in
1034 1085 1161 1170 pueris.
1180 1085 1256 1149 Viri
1276 1093 1390 1150 autem
1411 1086 1449 1152 in

307 1207 514 1273 consistente
525 1215 653 1292 aetate,
666 1215 705 1273 ut
718 1209 880 1273 maiorem
893 1208 1024 1274 habent
1036 1209 1177 1274 seminis
1190 1209 1353 1296 genitalis
1365 1210 1447 1293 vim,

305 1331 386 1397 inde
410 1334 520 1419 magis
539 1333 664 1399 vinciri
695 1355 793 1420 posse
823 1332 996 1399 videntur.
1023 1334 1130 1399 Porro
1154 1334 1295 1400 iuvenes
1315 1342 1350 1399 et
1369 1335 1448 1400 ado·

305 1452 471 1522 lescentes
495 1480 534 1523 ea
558 1458 599 1523 de
622 1480 725 1524 caiisa
750 1458 930 1524 salaciores
950 1482 1021 1524 esse
1042 1458 1218 1541 videntur,
1237 1467 1271 1524 et
1291 1459 1371 1546 quia
1388 1482 1448 1525 no·

305 1582 414 1646 vitate
430 1580 668 1648 delectationis
687 1583 790 1668 longe
807 1583 917 1669 magis
934 1583 1071 1669 ardent,
1088 1590 1123 1648 et
1139 1584 1220 1668 quia
1238 1591 1370 1650 meatus
1387 1609 1448 1672 per

241 1714 283 1776 10
306 1726 392 1791 quos
420 1707 547 1771 transit
576 1730 693 1773 semen
723 1715 804 1773 sunt
834 1708 1051 1793 angustiores
1082 1715 1116 1772 et
1149 1707 1340 1773 humiditas
1371 1732 1448 1775 eum

305 1831 458 1898 suaviori
476 1832 672 1899 resistentia
692 1834 856 1914 scaturit,
882 1832 972 1898 unde
990 1836 1031 1898 fit
1061 1842 1100 1898 ut
1119 1856 1265 1899 venereo
1295 1835 1447 1921 pruritu,

306 1956 364 2039 qui
384 1979 426 2021 ex
445 1957 508 2022 tali
525 1958 686 2023 conflictu
706 1961 896 2040 enascitur,
921 1958 1136 2024 delectentur
1167 1967 1201 2024 et
1230 1960 1449 2025 resolvantur

305 2083 425 2168 magis.
439 2084 481 2149 In
498 2084 690 2149 senioribus
704 2107 792 2168 vere,
809 2086 844 2149 in
861 2085 986 2170 quibus
1002 2084 1093 2150 vires
1107 2093 1190 2151 sunt
1206 2085 1447 2151 semimortuae

304 2216 339 2272 et
370 2230 499 2294 organa
529 2217 563 2273 et
592 2217 724 2275 meatus
747 2209 863 2275 effoeti
887 2217 921 2274 et
941 2232 1056 2275 semen
1087 2232 1157 2276 non
1185 2212 1234 2275 ita
1265 2218 1445 2296 exuperat,

241 2335 280 2397 15
303 2333 442 2398 vincula
461 2343 543 2400 sunt
561 2334 763 2400 difficiliora.
786 2335 1096 2422 Propertionaliter
1119 2358 1154 2401 se
1179 2335 1282 2401 habet
1307 2336 1447 2400 omnino

304 2458 651 2545 iualiisaffectibus,
676 2461 838 2546 quicum
856 2461 989 2527 Venere
1020 2462 1228 2549 analogiam,
1261 2461 1446 2548 oppositio-

303 2606 381 2649 nem
401 2591 435 2650 et
455 2589 736 2672 consequentiam
756 2588 930 2673 quandam
950 2593 1151 2673 agnoscunt.

624 2807 771 2847 Vlnelblllum
786 2810 974 2856 temperamenta.
990 2806 1038 2846 hrt.
1053 2804 1124 2845 xvn.

393 2978 448 3041 Ad
461 2977 745 3061 indignationem,
761 2974 949 3055 tristitiam,
966 2973 1178 3061 voluptatem
1192 2980 1226 3036 et
1239 2993 1390 3037 amorem
1404 2994 1445 3036 ex

236 3110 280 3170 20
302 3104 425 3167 merito
441 3110 695 3189 temperaturae
709 3099 947 3165 melancholici
967 3099 1169 3164 vinciuntur
1185 3098 1311 3183 magian
1325 3120 1367 3162 ex
1383 3096 1447 3162 hoo

303 3227 392 3292 euim
415 3227 507 3312 quod
522 3226 632 3312 magis
652 3234 732 3291 sunt
751 3224 1010 3312 apprehensivi,
1031 3232 1065 3289 et
1084 3224 1210 3289 fortius
1229 3222 1446 3309 voluptatem

302 3353 549 3439 imaginantur.
571 3357 575 3435 l
598 3351 697 3419 Unde
721 3351 1006 3438 contemplationi
1029 3357 1063 3415 et
1088 3348 1315 3435 speculationi
1340 3349 1444 3413 etiam
1471 3360 1561 3422 92v

303 3486 384 3543 sunt
402 3479 567 3564 aptioreS,
588 3476 773 3543 affectuum
790 3478 827 3541 in
844 3475 1070 3541 universitate
1086 3473 1195 3559 magis
1215 3482 1249 3538 et
1267 3472 1447 3538 vehemen-

302 3603 371 3667 tius
390 3602 561 3668 fluctuant
577 3610 612 3667 et
632 3603 820 3688 agitantur.
839 3601 932 3666 Hinc
953 3601 1043 3685 quod
1060 3600 1103 3665 ad
1117 3600 1283 3664 Venerem
1304 3598 1445 3682 attinet,

235 3748 278 3812 25
302 3730 413 3814 magis
431 3728 607 3816 propriam
626 3728 840 3814 voluptatem
860 3726 964 3791 finem
984 3725 1214 3808 constituunt,
1241 3746 1344 3809 quam
1373 3745 1442 3810 spe·

301 3853 365 3918 cici
397 3853 695 3941 propagationem.
729 3852 810 3918 Istis
845 3851 964 3917 affines
1001 3858 1082 3915 sunt·
1112 3848 1288 3933 cholerici,
1320 3848 1445 3933 quibus

302 3980 415 4045 minus
444 3980 607 4068 pruriunt
635 3977 827 4066 sanguinei.
852 3978 938 4042 Prae
963 3976 1104 4062 reliquis
1129 3976 1243 4041 minus
1267 3973 1446 4040 libidinosi

302 4115 382 4174 sunt
400 4108 640 4196 phlegmatici,
654 4107 713 4172 sed
729 4107 840 4193 magis
856 4105 1042 4170 helluones.
1057 4104 1135 4169 Stat
1156 4111 1273 4169 tamen
1291 4101 1381 4187 quod
1402 4101 1446 4166 ad

302 4233 504 4319 obsequium
524 4242 668 4300 naturae
692 4232 821 4319 singuli
840 4253 918 4297 suae
937 4230 1067 4296 habent
1090 4236 1223 4316 partes;
1243 4228 1446 4294 vinciuntur

506 4406 570 4413 ,-
1180 4403 1234 4409 --.
1248 4401 1394 4408 --—-—.-··
1409 4400 1433 4407 .-

392 4495 421 4542 21
437 4493 493 4543 aaa
509 4509 587 4543 seura
602 4490 803 4558 interpanztone
815 4492 847 4542 Μ
907 4494 938 4542 25
955 4494 990 4553 ef.
1001 4509 1030 4555 p.
1046 4494 1108 4553 646,
1118 4493 1153 4540 20
