3488 5108
757 379 920 426 unnrcma
940 378 1114 424 avianus.
1446 365 1505 424 609

363 559 439 602 mus
458 542 574 601 tamen
594 559 676 602 sana
693 543 744 602 est
763 558 824 623 per
842 535 1019 621 regionem
1039 537 1151 622 quoad
1175 561 1227 620 ae;
1246 537 1304 603 sed
1328 537 1357 603 si
1380 560 1442 624 per
1455 537 1506 603 ni·

364 667 468 733 miam
489 665 659 732 choleram
679 665 745 731 erit
769 666 929 748 alterata,
949 666 1050 731 urina
1069 688 1152 731 sana
1171 665 1256 732 facit
1273 665 1420 732 colorem
1441 668 1506 732 cla-

365 815 459 876 rum,
479 792 568 857 sicut
586 792 616 856 si
635 814 712 857 cum
733 791 990 858 albo-misceret
1010 814 1167 858 croceum
1187 791 1343 857 colorem.

453 919 495 984 ln
514 917 614 985 domo
633 917 690 984 OF
706 926 758 984 est
777 918 1021 998 infirmitasut
1037 917 1168 983 dictum
1186 916 1292 996 estin
1312 917 1423 1004 prima
1443 917 1505 982 cir-

320 1044 340 1107 5
364 1044 552 1127 amatione,
572 1051 607 1109 et
622 1043 712 1111 sicut
728 1043 849 1109 domus
865 1049 917 1108 est
932 1041 1080 1127 infirma,
1098 1043 1148 1109 ita
1167 1044 1272 1109 etiam
1286 1043 1385 1109 urina
1403 1066 1506 1131 appa-

364 1177 434 1255 ret,
453 1170 533 1255 quia
554 1192 642 1256 aqua
658 1169 770 1235 vincit
788 1176 915 1234 terram
935 1191 996 1233 sua
1014 1167 1212 1253 frigiditate
1228 1176 1263 1234 et
1282 1175 1375 1234 terra
1394 1168 1505 1234 vincit
1608 1200 1611 1204 “

364 1296 481 1382 ignem
501 1318 562 1361 sua
586 1295 756 1376 siccitate,
780 1293 839 1359 sed
862 1316 923 1380 per
946 1292 1105 1359 accidens
1124 1294 1259 1361 ratione
1291 1293 1505 1359 infirmitatis

364 1421 521 1507 sequitur
540 1419 699 1486 alteratio
723 1420 761 1485 in
778 1419 989 1486 contrarium
1008 1442 1069 1506 per
1088 1419 1230 1485 nimiam
1255 1419 1505 1486 abundantiam

366 1572 468 1635 quam
486 1549 591 1615 habet
609 1549 646 1613 in
665 1547 741 1635 ipsa
759 1547 873 1632 domo,
894 1548 1095 1635 expellendo
1113 1570 1190 1614 cum
1210 1549 1387 1616 caliditate
1406 1548 1507 1636 frigi-

301 1668 342 1732 10
364 1673 509 1739 ditatem
529 1681 564 1739 et
580 1695 657 1739 oum
674 1672 830 1739 siccitate
845 1670 1103 1754 humiditatem
1122 1680 1157 1739 et
1173 1673 1223 1739 sic
1237 1674 1337 1739 urina
1352 1680 1507 1740 remanet

364 1820 435 1866 non
454 1798 603 1864 multum
624 1798 715 1864 clara
745 1820 808 1864 nec
827 1820 942 1882 aurea,
963 1798 1022 1864 aed
1040 1805 1161 1864 contra
1190 1798 1385 1865 albedinem
1404 1799 1506 1886 nigra

365 1931 400 1990 et
419 1931 516 1990 extra
536 1924 811 2011 diaphanitatem
830 1925 948 2011 spissa.

452 2052 495 2118 In
523 2052 623 2132 domo
643 2051 703 2117 OG
723 2059 775 2117 est
793 2051 894 2116 urina
921 2051 1023 2138 nigra
1041 2058 1183 2138 propter
1201 2057 1344 2134 terram,
1369 2050 1427 2116 sed
1445 2074 1507 2139 per
1531 2063 1621 2128 evv

365 2181 560 2247 albedinem
579 2179 686 2262 clara,
710 2178 769 2244 sed
787 2179 868 2264 quia
888 2185 979 2245 terra
998 2185 1050 2244 est
1069 2178 1199 2265 regina,
1220 2178 1365 2266 nigredo
1385 2186 1505 2245 contra

301 2299 341 2363 15
365 2306 558 2372 albedinem
571 2314 744 2393 repugnat
755 2311 921 2390 tanquam
934 2303 1154 2370 contrarium.
1167 2303 1234 2369 Sed
1246 2304 1275 2370 si
1287 2304 1372 2370 haec
1383 2304 1505 2371 albedo

364 2431 469 2497 habet
496 2453 657 2517 magnam
686 2429 967 2497 concordantiam
996 2452 1073 2496 cum
1097 2429 1350 2518 diaphanitate,
1381 2436 1505 2516 regnat

366 2556 496 2622 brunus
517 2557 609 2623 color
627 2556 664 2622 in
683 2558 759 2643 ipsa
778 2556 893 2639 dome,
913 2578 1036 2644 nempe
1055 2555 1264 2643 compositus
1284 2579 1326 2622 ex
1345 2554 1504 2622 albedine

364 2689 399 2747 et
417 2682 609 2769 nigredine.

453 2870 514 2928 Per
541 2868 781 2948 diaphanitatem
807 2867 946 2945 intellige
974 2868 1177 2929 subtilitatem
1202 2889 1257 2929 seu
1283 2869 1442 2929 raritatem
1467 2877 1498 2928 et

297 2976 342 3040 20
365 2976 537 3036 claritatem
554 2996 631 3052 quae
649 2975 814 3054 opponitur
830 2976 994 3053 crassitiei,
1013 2976 1172 3054 densitati,
1191 2976 1363 3037 viscositati
1385 2984 1442 3036 etc.

451 3193 493 3258 In
517 3192 617 3258 domo
637 3192 704 3257 DG
734 3192 835 3259 urina
865 3197 918 3258 est
948 3192 1026 3258 alba
1055 3214 1117 3280 per
1140 3214 1279 3279 aquam,
1311 3193 1412 3279 nigra
1441 3217 1503 3281 per

362 3326 502 3402 terram;
532 3319 623 3384 unde
653 3318 809 3404 sequitur
840 3319 932 3384 color
960 3319 1091 3384 brunus
1122 3317 1305 3384 admodum
1336 3319 1504 3386 intensus.

363 3444 429 3509 Sed
449 3444 531 3530 quia
551 3444 772 3532 diaphanitas
792 3443 977 3510 concordat
996 3466 1074 3509 cum
1094 3442 1252 3508 albedine
1269 3450 1303 3508 et
1319 3444 1409 3529 luce,
1426 3444 1504 3510 ideo

363 3568 486 3635 albedo
506 3570 617 3634 vincit
635 3569 865 3656 nigredinem,
880 3592 957 3635 cum
970 3569 1055 3657 ipsis
1071 3576 1188 3635 tamen
1207 3591 1278 3635 non
1298 3570 1502 3655 omnimode,

296 3699 339 3763 25
363 3695 643 3780 quandoquidem
663 3695 807 3780 nigredo
826 3719 904 3761 cum
923 3695 1103 3761 luciditate
1121 3695 1307 3761 concordat
1325 3718 1386 3783 per
1406 3696 1502 3763 sicci·
1581 3690 1585 3699 ’

361 3827 479 3886 tatem.

453 4046 470 4096 2
486 4045 571 4096 urina
591 4060 661 4095 sana
680 4044 738 4109 (ins
756 4045 913 4110 cancellato)
933 4045 1048 4096 infirma
1064 4045 1134 4096 facit
1151 4047 1181 4098 X
1241 4048 1256 4097 8
1273 4049 1297 4098 ai
1315 4064 1381 4098 cum
1395 4048 1437 4098 X:
1453 4049 1504 4099 sic·

362 4125 472 4176 cumM
516 4126 812 4176 betiamM:etinX
857 4126 1191 4192 aquiaM:quoniamX
1235 4127 1502 4179 &lana-sumt

362 4221 535 4258 cum-cnm
557 4207 585 4257 X
645 4207 872 4265 9habet<l3>X
935 4209 965 4258 12
981 4213 1011 4256 ct
1028 4225 1078 4258 ona.
1099 4209 1128 4258 X
1188 4209 1218 4258 15
1235 4213 1371 4274 tanquam
1394 4212 1505 4260 contra-

361 4290 436 4338 rium
450 4287 482 4337 Μ
485 4304 491 4336 :
507 4303 572 4338 cum
584 4287 684 4337 albedo
702 4292 731 4337 et
749 4286 866 4350 nigredo
880 4288 1020 4339 contrarii
1031 4289 1091 4339 sint
1102 4288 1212 4338 colonas
1222 4289 1261 4352 X,
1271 4306 1284 4338 e
1296 4287 1349 4337 coel
1363 4286 1391 4337 in
1406 4287 1504 4355 sequitu

363 4370 386 4420 lc
407 4366 531 4419 varianti
547 4368 576 4419 di
592 4369 622 4419 X
635 4386 688 4418 non
705 4383 768 4418 acuo
788 4367 816 4417 ia
833 4367 956 4434 generale
972 4368 1018 4418 cde
1034 4368 1065 4419 di
1077 4384 1153 4432 para
1164 4370 1261 4433 forma
1323 4369 1353 4418 17
1366 4386 1379 4419 e
1392 4370 1423 4419 22
1439 4385 1504 4434 pru·

363 4450 474 4501 nule
538 4451 618 4501 1920
636 4449 809 4516 mamad!

496 4544 573 4585 Bauio
589 4543 643 4593 opp.
659 4544 698 4582 lat.
714 4543 757 4583 111.
1320 4542 1344 4584 'll
