3488 5108
434 393 492 451 692
874 405 1015 450 rounam
1037 406 1137 450 uuum

434 562 674 649 elargitionem
698 567 732 626 et
757 561 945 626 mediorum
965 560 1181 646 quorundam
1201 559 1474 648 impartibilium
1496 556 1603 623 favo·

434 712 519 772 rem,
539 687 702 752 inferiora
723 692 757 750 et
775 686 894 751 infima
914 687 1053 752 tandem
1073 687 1140 752 sibi
1160 685 1362 752 devinciunt
1391 681 1598 750 influendo.

433 813 595 879 Vicissim
619 834 699 877 voro
724 810 1014 877 obsecundatione
1033 812 1182 897 quadam
1203 813 1207 897 Ι
1228 812 1380 878 naturali
1400 810 1459 876 vel
1482 808 1601 874 ratio-
1628 804 1724 868 96r

434 938 519 1023 nali,
549 937 696 1023 quodam
729 937 822 1002 cultu
856 936 1021 1002 inferiora
1054 937 1236 1021 tollantur,
1268 945 1306 1003 ut
1336 937 1526 1025 superiora
1559 940 1600 999 et

356 1141 361 1147 ¹
391 1077 412 1140 5
435 1065 568 1130 eminus
587 1062 701 1151 posita
720 1062 787 1128 sibi
806 1084 869 1150 pro
889 1086 1040 1149 congruo
1065 1064 1212 1129 arbitrio
1236 1063 1442 1128 revinciant.
1466 1062 1598 1147 thue

434 1190 551 1255 variae
579 1197 660 1255 sunt
691 1212 805 1254 rorum
837 1188 967 1276 species
993 1211 1112 1254 eorum
1139 1197 1242 1274 atque
1270 1187 1508 1270 differentiae,
1542 1186 1597 1251 ita

435 1338 552 1382 eorum
572 1316 668 1380 varia
688 1321 769 1380 sunt
788 1322 959 1400 tempora,
980 1313 1068 1395 loca,
1089 1313 1215 1396 media,
1236 1314 1306 1396 via,
1326 1335 1459 1400 organa
1482 1319 1522 1376 et
1544 1312 1599 1377 of-

434 1439 560 1506 ficium.
592 1442 668 1505 Hoc
697 1441 734 1505 in
770 1439 863 1504 omni
894 1462 1019 1526 genere
1047 1439 1265 1504 vinculorum
1295 1445 1329 1503 et
1359 1437 1595 1505 vincibilinm

433 1566 626 1655 perspicere
646 1564 849 1630 facillimum
870 1574 921 1630 est
940 1573 974 1629 et
993 1565 1165 1631 inducere.

372 1770 414 1834 10
815 1781 906 1821 Vinculi
922 1783 1063 1831 magnitudo.
1080 1782 1129 1820 Arl.
1146 1782 1198 1820 llll.

524 1934 654 1997 Divina
673 1933 726 1999 vis
747 1934 915 2018 quaedam
935 1933 1042 1998 estin
1062 1935 1164 1999 rebus
1188 1934 1363 2016 omnibuS,
1383 1955 1484 1999 amor
1512 1935 1592 2022 ipse

434 2069 545 2144 pater,
566 2058 643 2123 fons
669 2067 703 2122 et
722 2059 953 2144 Amphitrites
983 2066 1034 2124 est
1055 2058 1279 2124 vinculorum.
1301 2059 1381 2124 Ideo
1413 2081 1487 2123 non
1508 2083 1592 2146 per·

435 2206 553 2270 peram
574 2183 730 2270 Orpheus
748 2194 782 2248 et
802 2184 991 2249 Mercurius
1007 2184 1121 2270 ipsum
1141 2207 1305 2269 magnum
1326 2184 1512 2249 Daemona
1529 2207 1593 2271 ap-

434 2309 579 2396 pellant,
600 2310 727 2394 qnippe
745 2316 779 2373 et
798 2318 871 2374 tota
890 2332 1005 2375 rerum
1022 2309 1233 2393 substantia,
1256 2308 1459 2374 constitutio
1476 2316 1516 2373 et
1534 2316 1592 2390 (ut

371 2436 412 2500 15
435 2435 485 2499 ita
515 2435 639 2515 dicam)
669 2435 865 2520 hypostasis
888 2435 1066 2500 vinculum
1095 2435 1267 2521 quoddam
1298 2444 1358 2499 est.
1387 2435 1588 2499 Maximam

435 2583 516 2645 ergo
541 2567 575 2624 et
597 2560 790 2647 prinoipem
815 2559 945 2624 vinculi
967 2560 1159 2625 doctrinam
1184 2583 1417 2645 assequemur,
1449 2560 1513 2625 ubi
1541 2561 1588 2624 ad

435 2685 589 2750 ordinem
603 2686 757 2750 universi
770 2685 884 2751 oculos
897 2698 1143 2751 convertemus.
1160 2686 1235 2751 Hoc
1247 2685 1386 2751 viuculo
1398 2688 1587 2772 superiora

435 2812 620 2897 provident
636 2811 873 2893 inferioribus,
886 2811 1050 2875 inferiora
1067 2820 1317 2877 convertuntur
1333 2811 1376 2876 ad
1389 2811 1585 2898 superiora,

435 2937 531 3022 paria
562 2936 711 3001 invicem
730 2939 958 3018 associantur,
979 2937 1132 3001 universi
1163 2938 1300 3002 tandein
1330 2937 1499 3023 perfectio
1529 2952 1584 3002 est

368 3071 412 3133 ‘20
436 3062 622 3127 secundum
642 3063 773 3127 lormae
792 3064 971 3128 rationein.

757 3269 848 3307 Vinculi
864 3269 997 3318 principalis
1012 3270 1111 3308 alleclus.
1129 3272 1168 3307 dr.
1185 3270 1248 3308 xnl.

524 3423 630 3488 Amor
650 3446 750 3503 unua,
766 3424 941 3488 vinculum
955 3447 1077 3504 inrum,
1091 3424 1176 3488 facit
1192 3422 1308 3488 omnia
1324 3446 1448 3505 unum,
1467 3424 1584 3489 diver-

436 3572 489 3613 sas
517 3548 621 3611 hahet
640 3549 675 3611 iu
696 3548 841 3612 diuersis
860 3550 980 3631 faciae,
995 3558 1034 3613 ut
1053 3548 1143 3613 idem
1168 3549 1269 3613 alitor
1293 3549 1360 3613 alia
1384 3557 1488 3633 atque
1510 3551 1583 3614 alia

435 3673 574 3737 vinciat.
596 3673 686 3736 Hine
703 3674 837 3759 Cupido
856 3674 947 3738 idem
967 3675 1094 3739 dicitur
1114 3675 1268 3760 superior
1287 3684 1321 3739 et
1341 3673 1498 3758 inferior,
1520 3699 1583 3741 no·

369 3810 411 3872 25
437 3799 595 3863 tissimus
620 3806 653 3862 et
678 3799 952 3883 antiquissimus,
973 3823 1091 3865 caecus
1115 3808 1150 3864 et
1167 3801 1496 3887 perspicacissimus,
1519 3803 1581 3886 qui

436 3922 520 3986 facit
539 3925 653 3987 oruuia
673 3947 735 4009 pro
757 3925 889 3989 viribus
914 3926 967 3988 vel
991 3927 1028 3988 in
1053 3949 1087 3989 se
1111 3925 1195 4011 ipsis
1220 3926 1406 3990 consistere
1429 3949 1473 3991 ne
1498 3950 1519 3991 a
1544 3952 1580 3993 se

436 4049 609 4129 recedant,
630 4049 672 4112 ad
692 4051 817 4135 speciei
842 4051 1103 4136 perennitatem.
1128 4052 1184 4115 Ad
1208 4052 1472 4137 particularium
1495 4077 1580 4119 vero

524 4311 603 4360 lile
628 4313 663 4373 cf.
679 4328 708 4373 p.
728 4315 789 4372 649,
806 4315 883 4361 12-14
950 4316 976 4363 ll
1003 4316 1175 4366 substantia.
1200 4318 1220 4366 C
1237 4337 1251 4365 a
1268 4337 1283 4365 a
1299 4338 1314 4365 a
1330 4338 1346 4367 a
1362 4314 1377 4367 i
1393 4340 1408 4367 u
1430 4321 1581 4370 constitu·

434 4392 475 4440 tio
490 4391 521 4439 ll
527 4394 534 4426 ¹
584 4393 663 4442 ltro
680 4395 715 4455 cs.
726 4411 756 4456 p.
777 4397 895 4449 eodo-8
942 4397 1284 4462 17.18cf.1,›,1a·0,2oaq.
1335 4402 1374 4449 2⁴2.
1389 4417 1416 4466 p.
1430 4401 1527 4464 693,1·2
1540 4405 1578 4467 ‘'f·

432 4490 461 4536 p.
479 4475 538 4536 6:30,
549 4474 609 4520 9·Ῑὲ
673 4476 702 4524 al
717 4491 755 4536 aq.
772 4476 806 4538 ej:
822 4476 905 4524 anche
915 4493 945 4539 p.
962 4479 1023 4537 649,
1037 4480 1111 4526 15-19
