3488 5108
662 409 788 457 THESES
808 411 853 456 DE
874 413 988 457 arsula.

777 667 879 732 XIX.

347 886 502 953 Circulus
522 908 658 973 quoque
676 888 747 969 ille,
769 911 837 975 qua
861 890 904 954 ab
933 911 1001 955 uno
1020 899 1149 977 puncto
1177 894 1220 958 ad
1244 895 1394 962 eundem

259 1018 427 1097 punctum
445 1013 485 1077 fit
505 1013 695 1097 conversim
715 1036 735 1078 a
754 1012 851 1079 attius
870 1013 1031 1080 videlicet
1050 1023 1168 1081 centro
1184 1018 1226 1082 ad
1244 1020 1399 1107 periphe-

258 1143 346 1207 riam
364 1162 482 1207 omnes
500 1139 590 1204 radii
609 1146 690 1205 sunt
709 1140 881 1226 aequales,
905 1163 975 1206 non
1006 1149 1058 1208 est
1088 1143 1256 1209 naturalis
1285 1168 1397 1231 neque

213 1264 234 1325 e
258 1265 295 1331 in
313 1265 466 1331 naturali
487 1264 557 1330 ullo
578 1264 732 1329 subiecto
752 1266 935 1352 reperitur,
953 1267 1025 1332 sive
1044 1269 1320 1353 magnitudinem
1339 1293 1399 1336 seu

259 1390 382 1455 molem
395 1411 575 1477 corporum
589 1398 736 1476 spectem
750 1390 822 1456 sive
838 1397 970 1457 motum
982 1400 1016 1456 et
1029 1393 1269 1476 mutationem;
1283 1394 1399 1460 nullus

259 1515 351 1580 enim
370 1536 523 1599 unquam
547 1537 666 1581 senene
689 1537 749 1580 seu
768 1516 982 1603 experientia
1010 1517 1177 1584 circulum
1201 1519 1312 1584 eiusce
1340 1543 1399 1606 ge-

259 1639 351 1704 neris
383 1638 620 1726 comprobavit
657 1662 768 1726 neque
805 1649 921 1728 petest
957 1642 1188 1729 comprobare.
1224 1643 1400 1710 Circulum

259 1787 342 1851 erge
360 1755 474 1831 rerum
491 1765 612 1831 seriem
641 1787 719 1831 eum
738 1773 830 1832 certa
849 1754 1097 1852 vicissitudine,
1118 1791 1185 1854 qua
1205 1769 1248 1833 ad
1272 1769 1398 1834 similia

195 1895 237 1958 10
259 1890 321 1955 fiat
339 1889 475 1974 reditio,
496 1912 566 1955 non
585 1898 701 1956 autem
720 1892 764 1957 ad
782 1890 916 1974 eadem,
937 1891 1163 1979 intelligatur.

349 2099 605 2175 Distinguendum
622 2108 670 2160 eet
689 2100 728 2161 de
749 2101 890 2178 circuitu,
908 2103 958 2179 qui
975 2111 1024 2163 est
1044 2103 1174 2182 duplex:
1196 2102 1342 2182 physicus
1365 2091 1397 2167 et

258 2208 473 2284 geometricus,
496 2228 550 2268 seu
576 2208 725 2268 naturalis
742 2217 773 2268 et
796 2208 954 2270 rationalis
971 2221 1062 2286 atque
1080 2210 1256 2272 artificialis.
1274 2212 1398 2273 Primus

259 2309 352 2373 estin
371 2315 461 2373 rebus
478 2314 679 2392 naturalibus,
698 2314 848 2374 secundus
866 2323 914 2375 est
931 2323 1049 2376 tantum
1070 2336 1147 2395 opus
1164 2318 1400 2396 contemplatio-

259 2420 319 2494 nis;
337 2421 385 2479 eol
400 2420 479 2480 enim
494 2441 591 2497 neque
607 2429 691 2481 motu
708 2421 815 2482 diurno
832 2441 930 2498 neque
947 2442 1055 2498 annue,
1073 2423 1152 2484 sieut
1170 2425 1261 2485 etiam
1278 2427 1396 2487 nullum

196 2532 236 2595 15
259 2537 408 2588 astrorum
435 2547 513 2603 quae
540 2528 655 2589 moveri
686 2527 840 2605 videntur,
869 2529 908 2589 ad
934 2528 1062 2590 eundem
1085 2540 1228 2607 punctum
1246 2534 1396 2593 remeavit

260 2655 390 2711 unquam
406 2655 503 2712 neque
520 2635 680 2696 remeabit.

789 2915 871 2979 XX.
1425 2928 1505 2992 81r
1523 2929 1559 2992 Ο

348 3152 488 3216 Praeter
529 3150 590 3216 has
631 3149 716 3215 (luae
757 3149 918 3235 vulgatas
952 3172 973 3214 a
1006 3147 1247 3235 Peripateticis
1285 3158 1399 3215 motus

260 3276 401 3363 speeies,
422 3283 474 3340 eet
493 3275 597 3339 tertia
617 3296 704 3360 quae
727 3296 838 3359 neque
858 3273 967 3339 centri
986 3281 1038 3338 est
1060 3296 1172 3359 neque
1203 3273 1292 3339 eirea.
1325 3297 1402 3338 een-

193 3405 237 3468 20
260 3413 364 3483 trum,
385 3399 443 3465 sed
463 3423 483 3465 a
501 3406 635 3482 contre,
656 3421 780 3486 nempe
799 3421 866 3484 qua
884 3399 927 3464 ab
944 3398 1104 3465 omnibus
1121 3398 1321 3485 corporibus
1340 3421 1403 3463 na-

258 3526 427 3592 turalibus
440 3524 558 3607 effluit,
569 3532 604 3589 et
620 3524 664 3589 ad
676 3531 842 3604 centrum,
856 3546 978 3610 nempe
995 3546 1063 3610 qua
1079 3523 1271 3610 incorpora
1287 3525 1402 3589 omnia

259 3651 431 3717 naturalia
450 3649 566 3715 influit
586 3649 727 3736 aliquid.
746 3649 791 3713 Et
805 3649 862 3713 hia
881 3648 1026 3714 effluxae
1043 3671 1113 3715 non
1133 3649 1244 3714 solum
1263 3655 1315 3713 est
1332 3670 1404 3714 eor·

258 3798 393 3863 porum,
414 3775 471 3840 sed
491 3774 596 3840 etiem
616 3785 788 3839 certorum
806 3774 1049 3856 accidentium,
1075 3798 1162 3859 quae
1186 3774 1223 3838 iu
1254 3774 1403 3860 eorpori-

261 3901 334 3984 buS‚
353 3924 373 3966 a
386 3901 587 3987 corporibus
609 3907 643 3964 et
660 3901 703 3965 ad
718 3921 873 3986 eorpora;
889 3922 988 3984 quem
1002 3909 1134 3965 motum
1148 3921 1257 3986 neque
1271 3906 1404 3964 rectum

193 4034 236 4100 25
260 4049 371 4112 neque
406 4026 606 4091 circularem
640 4025 826 4092 sectandum
865 4024 975 4091 <lictae
1009 4025 1138 4111 species
1173 4024 1400 4111 appellatum,

423 4333 473 4372 dem

354 4384 385 4433 10
400 4398 434 4435 ea
449 4383 481 4432 Μ
542 4381 612 4432 aura
625 4380 713 4434 voluto
727 4381 890 4445 intelligere
908 4385 1023 4448 oportet
1037 4396 1051 4429 ο
1067 4380 1125 4431 eim.
1190 4380 1220 4428 18
1238 4379 1405 4444 Peripathe·

262 4465 328 4519 tieis
343 4465 396 4517 Ol!
458 4465 489 4514 19
500 4479 556 4527 sqq.
570 4463 605 4528 cs.
616 4479 699 4527 sopra
707 4480 739 4527 p.
754 4463 816 4523 418,
829 4465 860 4514 13
872 4477 925 4525 sqq.
991 4461 1020 4509 21
1039 4475 1095 4527 quo
1109 4461 1139 4511 in
1151 4474 1272 4527 corpora
1288 4458 1340 4511 OM
