3488 5108
1375 403 1434 462 645

292 575 407 627 temere
428 566 619 644 antiquorum
641 564 762 643 quidam
785 564 914 625 maxime
936 565 1084 626 curabant
1105 569 1293 647 sepulturas,
1315 568 1369 629 alii
1389 590 1437 629 ro·

292 694 360 751 gos,
380 681 412 734 et
427 673 508 734 iuter
525 672 675 752 supplicia
691 671 878 751 insepultum
896 672 1078 749 relinquere.

372 782 433 841 Tot
449 799 564 858 genera
579 780 767 842 vinculorum
786 788 860 856 quot
877 780 1009 859 pulchri,
1025 790 1099 857 quot
1115 782 1203 857 boni;
1221 791 1253 842 et
1270 785 1347 845 haec
1364 793 1437 845 sunt

292 908 347 966 pro
363 889 533 966 specierum
547 907 682 948 numero.
699 887 775 947 Ideo
792 886 940 947 falluntur
954 889 1005 965 qui
1022 897 1126 948 amant
1144 890 1149 969 Ι
1167 889 1321 951 hominem
1336 893 1434 952 solum

248 995 269 1058 b
293 995 462 1074 pulchrum.

373 1102 442 1162 Non
464 1120 511 1161 me
529 1101 624 1161 vincit
643 1100 758 1163 musica
778 1100 809 1160 in
827 1101 941 1180 puella,
963 1102 1016 1177 qui
1038 1102 1173 1163 musicae
1196 1123 1263 1164 cum
1286 1103 1435 1183 pudicitia

292 1228 353 1269 non
369 1209 530 1271 convenit:
552 1208 648 1271 vincit
668 1218 770 1270 autem
791 1230 809 1268 a
826 1209 938 1289 puella.
961 1209 1026 1270 Nec
1048 1210 1186 1272 versutia
1207 1231 1264 1272 nec
1286 1210 1435 1272 fortitudo

293 1317 441 1397 corporiS.

372 1423 476 1484 Vincit
492 1423 599 1484 Venus
620 1423 733 1485 decora
759 1443 848 1500 voce,
870 1423 1008 1484 anhelitu
1030 1424 1185 1502 odoreque
1207 1427 1307 1499 suavi,
1336 1427 1435 1487 carnis

227 1540 270 1603 10
293 1534 430 1612 lenitate,
453 1533 550 1594 osculi
565 1542 641 1610 etc,
659 1533 730 1610 quia
744 1533 843 1610 laquei
859 1551 915 1611 per
933 1534 937 1612 l
958 1552 1064 1595 omnes
1082 1554 1190 1595 sensus
1205 1533 1308 1595 iniecti
1322 1535 1436 1595 arctius

293 1643 399 1720 ligant.
417 1641 478 1703 Sed
497 1642 559 1704 sint
577 1645 643 1704 eine
661 1643 814 1723 superbia.

371 1750 459 1810 Iaotu
483 1751 608 1812 seminis
630 1750 752 1812 vincula
773 1752 960 1828 relaxantur,
984 1750 1155 1812 retentione
1176 1771 1251 1812 vero
1272 1751 1435 1811 intendun-

292 1864 355 1933 tnr;
372 1857 476 1918 taliter
502 1858 594 1918 debet
616 1857 745 1919 affectus
773 1858 823 1935 qui
852 1857 966 1918 vincire
985 1859 990 1938 1
1008 1857 1087 1934 vult,
1110 1859 1241 1934 qualiter
1259 1858 1311 1935 qui
1327 1859 1435 1919 vinciri

292 1961 394 2025 debet.
412 1965 583 2044 Propterea
602 1966 633 2025 in
655 1965 805 2025 conviviis
823 1974 854 2025 et
875 1975 946 2043 post
962 1967 1103 2026 convivia
1124 1967 1276 2047 inspirare
1297 1967 1433 2027 introdu-

226 2073 267 2138 15
290 2070 368 2132 citur
384 2072 416 2131 in
434 2072 439 2151 Ι
458 2072 578 2133 ossibus
596 2072 697 2151 ignem
716 2071 842 2150 Cupido.
862 2072 950 2132 Vide.
1042 2073 1238 2134 Continentia
1255 2082 1304 2135 est
1325 2074 1433 2152 princi·

291 2180 374 2258 pium
397 2176 526 2257 vinculi,
553 2180 739 2241 abstinentia
757 2182 945 2261 praecurlrit
965 2180 1091 2257 famem,
1111 2181 1188 2244 haec
1204 2184 1314 2243 melius
1333 2181 1433 2244 cibum

290 2286 428 2348 attrahit.
445 2286 621 2366 Indignatio
640 2290 657 2348 ὁ
673 2295 762 2349 santo
781 2288 907 2367 edegno.

370 2395 421 2455 Ab
442 2394 548 2455 habitu
569 2396 702 2473 interno,
726 2396 777 2473 qui
795 2397 937 2457 convictu
957 2396 1125 2473 delitescit,
1151 2405 1183 2456 et
1211 2403 1352 2474 externo,
1382 2396 1434 2473 qui

290 2500 321 2558 in
339 2502 476 2580 corporis
493 2502 576 2563 cultu
596 2503 749 2581 consistit,
768 2504 911 2583 provenit
929 2505 934 2585 Ι
953 2505 1115 2564 vinculum.
1144 2504 1271 2564 Movent
1294 2505 1383 2581 haec,
1407 2503 1434 2563 si

223 2609 267 2672 20
290 2610 450 2688 transfuga
467 2611 597 2688 quadam
614 2613 690 2674 artie
708 2612 955 2674 dissimulatione
974 2613 1065 2688 fiant,
1084 2631 1182 2689 neque
1210 2612 1235 2671 si
1257 2611 1308 2688 qui
1330 2611 1407 2671 satie
1427 2614 1431 2692 Ι

290 2717 371 2776 belle
387 2717 521 2794 loquitur
538 2727 570 2780 et
586 2720 662 2781 satis
684 2720 834 2799 nimisque
856 2719 1106 2799 superstitiosule
1133 2720 1227 2796 sapit,
1249 2719 1364 2796 placet,
1383 2736 1433 2778 ne-

984 2832 1058 2866 roatau
1075 2827 1201 2866 chirotecae

290 2896 347 2954 que
360 2878 411 2955 qni
425 2878 514 2940 nimis
526 2878 698 2941 methodica
710 2880 755 2961 orl
764 2886 816 2940 nat
829 2879 971 2957 capillos,
987 2879 1103 3002 oqulpe,
1118 2887 1237 2998 ¹motus,
1250 2885 1359 2955 gestus
1372 2884 1430 2938 etc.

864 2972 906 3000 oon
922 2962 928 2999 l
944 2967 1013 3009 quant
1039 2973 1051 3010 p
1065 2965 1117 3009 ognt

290 3039 411 3116 placere
428 3049 532 3117 potest
549 3041 647 3119 magis
668 3061 758 3117 quam
774 3040 947 3120 displicere.
970 3039 1055 3099 Sient
1071 3039 1110 3099 de
1127 3039 1224 3098 Mario
1242 3037 1366 3097 ambitu.

370 3145 494 3224 Puella,
514 3147 598 3208 cuiue
616 3148 716 3225 gratia
736 3148 1001 3227 praeparationem
1019 3146 1113 3206 hahet
1127 3146 1158 3205 in
1174 3145 1266 3204 animi
1284 3143 1435 3203 concinni·

223 3250 266 3314 25
291 3260 353 3312 tate
370 3259 501 3331 tantum,
520 3255 651 3315 animum
673 3264 777 3315 movet
803 3256 842 3315 ad
870 3255 1031 3315 animalem
1050 3253 1248 3336 {fruitionem
1268 3253 1431 3327 duntaxat,

290 3360 375 3421 cuiue
390 3381 462 3422 vero
476 3363 576 3439 gratia
590 3362 856 3442 praeparationem
868 3363 962 3424 hahet
978 3362 1007 3423 in
1027 3360 1164 3441 corporis
1176 3360 1287 3438 forma,
1302 3361 1434 3421 animum

290 3476 392 3529 movet
414 3469 453 3529 ad
480 3471 669 3546 corporalem
688 3473 693 3551 Ι
712 3469 886 3531 fruitionem
895 3493 902 3546 ;
931 3469 1015 3531 cuius
1042 3470 1142 3548 gratia
1166 3468 1433 3547 praeparationem

290 3575 383 3637 habet
403 3577 435 3636 in
452 3589 593 3656 utroque,
613 3580 652 3639 ad
675 3587 831 3657 utramque
854 3578 1029 3640 fruitionem
1050 3586 1161 3641 movet.
1181 3578 1274 3655 Atqui
1295 3586 1365 3638 sunt
1382 3577 1434 3654 qui

289 3682 333 3743 ita
351 3685 355 3764 Ι
375 3685 546 3746 vinciuntur
563 3687 602 3747 ab
624 3688 739 3760 auimo,
757 3696 790 3747 ut
811 3696 843 3748 et
863 3706 974 3766 corpus
995 3688 1109 3764 ipsum,
1131 3686 1212 3763 quod
1233 3685 1317 3746 illius
1342 3684 1433 3744 animi

224 3797 268 3861 30
290 3810 346 3850 vae
363 3800 423 3870 eet,
444 3794 676 3873 concupiscant;
702 3803 774 3856 eunt
801 3794 852 3872 qni
878 3813 989 3873 corpus
1015 3795 1081 3854 sine
1103 3793 1202 3853 animo
1225 3792 1433 3872 despilciant:

290 3897 361 3957 talis
378 3898 557 3977 perhibetur
575 3901 730 3980 Socrates,
750 3922 817 3963 cum
834 3902 911 3963 dixit
929 3902 1084 3980 ‘loquere,
1105 3901 1198 3980 puer.³

371 4007 486 4069 Potens
508 4018 556 4070 est
583 4010 751 4088 corporalis
769 4007 977 4090 pulchritudo,
998 4018 1031 4069 ut
1053 4017 1084 4068 et
1101 4014 1234 4067 mentem
1258 4005 1373 4066 vinciat
1400 4013 1431 4065 et

383 4250 613 4302 3vinoullornm
635 4249 678 4299 nr
741 4249 791 4298 ῗ.8
810 4246 1041 4311 Neo-corporis
1063 4245 1127 4294 uell'
1143 4242 1287 4294 interlicere
1312 4244 1388 4308 (sotto
1414 4257 1432 4292 o

291 4331 383 4383 vincit
400 4332 519 4397 musica)
534 4330 563 4382 in
577 4331 620 4381 Br
682 4328 889 4398 dqui1l.qnia
952 4326 1047 4394 lala·
1072 4325 1136 4377 Brt
1200 4323 1432 4389 ldfidebetoee

291 4420 334 4471 ae>
398 4414 428 4463 tt
445 4411 574 4477 loapozio
592 4411 687 4464 dieuco
704 4410 758 4463 tin
773 4411 813 4462 lt·
877 4412 907 4462 18
919 4425 973 4473 per
988 4408 1133 4460 delitescit
1147 4423 1170 4457 v.
1190 4424 1208 4455 a
1222 4422 1253 4468 p.
1267 4406 1331 4464 504,
1345 4406 1376 4454 16
1392 4420 1430 4467 aq.

290 4493 322 4543 22
338 4492 556 4562 chirotecas1ric
569 4496 680 4556 Ili-,mo
695 4494 731 4559 cf.
752 4491 897 4559 oppilat.
914 4508 944 4556 p.
963 4491 1025 4552 236,
1039 4491 1071 4540 14
1134 4488 1165 4538 23
1181 4484 1304 4539 Ambitu
1315 4484 1353 4537 oio
1366 4483 1432 4535 Brr
