3488 5108
660 434 704 479 na
724 434 877 479 vmcvms
898 435 933 481 m
954 435 1095 479 ananan.
1390 417 1449 476 675

305 591 338 655 A
361 589 510 656 vinculis
529 589 621 655 enim
646 590 734 656 solvi
763 590 814 655 ita
841 590 999 656 naturale
1023 597 1074 655 est
1101 595 1275 677 appetere,
1301 589 1392 655 sicut
1415 595 1448 653 et

305 716 408 802 paulo
428 721 509 781 ante
528 716 613 803 ipsis
631 715 769 803 alligari
786 715 943 782 ultronea
961 722 996 780 et
1015 726 1205 803 spontanea
1230 713 1379 801 quadam
1398 714 1448 779 in-

308 840 495 906 clinatione
513 842 700 928 potuimus.

676 1042 796 1082 Vlnolbllla
812 1041 947 1082 lndodnltlc.
963 1043 1013 1082 Art.
1030 1043 1081 1083 xn.

262 1204 283 1267 5
397 1210 534 1288 Quanto
554 1209 772 1297 expluribus
796 1215 932 1275 constat
950 1208 1131 1291 vincibile,
1152 1214 1251 1274 tanto
1271 1208 1386 1273 minus
1406 1207 1451 1274 ad

307 1343 400 1402 certa
419 1334 600 1401 definitum
616 1343 667 1400 est
682 1334 830 1400 vincula.
847 1332 949 1402 Unde
965 1333 1124 1420 voluptas
1140 1332 1320 1399 hominurn
1335 1333 1451 1399 minus

307 1460 537 1527 determinata
565 1466 617 1525 est
646 1459 691 1525 ad
718 1480 826 1560 unum
855 1467 928 1525 tum
959 1465 1095 1546 tempus
1128 1465 1203 1523 tum
1231 1457 1451 1523 individuum

308 1594 382 1652 tum
401 1608 538 1668 sexum,
560 1607 662 1670 quam
680 1584 877 1664 brutorum3
902 1607 1026 1670 equam
1055 1583 1186 1671 pariter
1217 1581 1306 1648 forte
1334 1605 1452 1648 omnes

309 1712 388 1796 equi
407 1711 539 1776 vincire
558 1716 715 1799 possunt,
736 1709 915 1776 mulierem
934 1732 1016 1777 vero
1034 1709 1233 1797 frequenter
1253 1731 1370 1774 onmes
1385 1709 1453 1773 viri

244 1843 287 1906 10
308 1859 379 1903 non
396 1839 455 1903 ita.
473 1837 540 1902 Hic
558 1836 686 1923 gradus
703 1835 837 1902 ethaeo
853 1836 1062 1920 indefinitio,
1080 1837 1170 1902 sicut
1186 1843 1237 1901 est
1253 1836 1297 1900 ab
1313 1834 1452 1900 homine

310 1963 354 2027 ab
379 1963 532 2046 brutum,
557 1962 607 2027 ita
637 1969 689 2027 eet
713 1983 732 2026 a
760 1983 841 2027 vero
872 1961 1009 2027 homine
1033 1960 1076 2026 ad
1096 1960 1282 2046 brutalem,
1303 1983 1322 2024 a
1341 1959 1452 2045 magis

310 2094 459 2170 sensato,
481 2087 541 2172 qui
564 2087 668 2153 etiam
687 2087 798 2174 magis
817 2086 978 2169 afficitur,
999 2086 1044 2152 ad
1064 2087 1175 2173 magis
1198 2084 1385 2172 stupidum.
1407 2083 1452 2148 Et

311 2213 402 2298 quod
420 2211 548 2279 dicitur
566 2213 604 2278 in
621 2234 689 2279 uno
707 2213 840 2279 vinculi
858 2236 995 2300 genere,
1016 2212 1059 2279 ad
1089 2212 1205 2279 omnia
1232 2211 1450 2279 vinculorum

309 2359 437 2424 genera
456 2344 559 2424 atque
578 2337 708 2426 species
727 2337 954 2405 referendum.

204 2575 211 2599 ·
246 2556 287 2619 15
626 2582 791 2623 vincianam·
805 2579 986 2622 fundamentum.
1002 2582 1053 2622 arr.
1070 2581 1133 2622 xm.

400 2745 504 2811 Ratio
524 2745 636 2832 prima
662 2767 729 2831 qua
759 2742 1027 2831 unumquodque
1050 2741 1216 2809 vincibile
1240 2748 1304 2825 est,
1325 2739 1454 2828 partim

311 2877 363 2935 est
382 2893 424 2935 ex
443 2892 481 2937 eo
502 2870 594 2956 quod
613 2871 650 2937 in
674 2892 712 2936 eo
730 2893 802 2936 esse
831 2869 924 2955 quod
952 2876 1005 2934 eet
1033 2867 1101 2933 eibi
1130 2889 1291 2955 praesens
1318 2865 1454 2953 appetit

312 2997 456 3079 servari,
474 2997 603 3084 partim
623 2997 716 3083 quod
733 2997 922 3064 secundum
942 2997 1055 3084 ipsum
1076 3003 1110 3061 et
1134 2995 1171 3061 in
1200 2996 1275 3082 ipso
1306 2993 1455 3060 maxime

312 3121 440 3210 perfici.
458 3123 535 3189 Hoc
554 3135 605 3188 est
623 3122 795 3210 philautia
818 3123 856 3188 in
879 3145 1013 3209 genere.
1034 3121 1127 3208 Ergo
1157 3120 1187 3187 ai
1216 3119 1293 3207 quie
1324 3118 1457 3207 philau-

246 3247 397 3314 aetiam
429 3254 544 3331 posset
574 3247 612 3312 in
639 3246 793 3313 subiecto
823 3247 1043 3333 extinguere,
1070 3246 1302 3332 maximopere
1331 3251 1455 3331 potens

314 3373 357 3438 ad
387 3372 645 3459 quomodolibet
675 3371 898 3438 vinciendum
926 3382 961 3438 et
991 3371 1221 3439 exolvendum
1247 3370 1459 3436 redderetur.

315 3497 490 3563 Philautia
507 3500 592 3563 item
608 3520 761 3579 accensa,
776 3497 914 3564 facilius
927 3498 1139 3564 naturalium
1156 3497 1222 3564 eibi
1239 3496 1457 3562 vinculorum

314 3623 499 3710 generibus
516 3623 757 3710 astringuntur
777 3623 901 3689 omnia.

692 3865 839 3908 vinearum
854 3866 943 3906 rorata.
960 3865 1009 3905 aa.
1026 3865 1085 3906 x1v.
1104 3843 1106 3850 ’

249 4028 293 4091 25
404 4034 640 4121 Contemplari
659 4033 861 4100 animalium
878 4032 1065 4098 amicitiam
1079 4039 1113 4097 et
1125 4030 1355 4116 inimicitiam,
1369 4053 1457 4116 aym·

316 4161 471 4248 pathiam
484 4169 518 4226 et
533 4159 773 4247 antipathiam,
787 4158 1030 4244 cognationem
1042 4165 1076 4223 et
1089 4157 1337 4240 diversitatem,
1349 4163 1383 4222 et
1395 4157 1458 4221 cir·

409 4428 609 4490 colligatione
632 4426 820 4477 inclinatione
843 4425 874 4475 M
879 4427 886 4461 ¹
949 4425 1102 4487 5Quando
1120 4425 1153 4476 M
1212 4427 1278 4479 6.10
1293 4428 1328 4491 cs.
1344 4443 1374 4491 p.
1393 4428 1456 4489 648,

318 4510 405 4558 20-23
468 4509 505 4559 19.
517 4508 549 4558 23
565 4509 598 4569 es.
611 4523 642 4571 p.
658 4507 797 4569 conce.
862 4507 893 4556 25
910 4507 928 4556 l.
942 4508 1136 4574 contemplare
