3488 5108
759 416 920 462 numum
942 417 1116 464 nuncians.
1207 470 1216 489 ἢ
1451 405 1510 463 579

368 572 509 650 proprius
528 572 598 632 huic
614 573 672 631 arti
686 593 693 647 ;
709 572 739 631 in
759 572 816 632 hoc
833 572 913 632 enim
928 573 1040 633 mundo
1055 594 1166 652 parvo,
1184 582 1293 651 nempe
1307 575 1441 651 homine,
1460 597 1513 652 ap-

366 678 491 755 plicatio
510 679 601 739 istius
618 679 826 739 circulatiouis
844 688 893 741 est
905 681 1153 759 contemplanda,
1170 702 1334 757 quassans
1351 683 1509 742 circulatio

363 787 456 847 nullis
475 788 655 848 extrinsecis
676 788 845 851 rationibus
867 809 922 867 pro
944 809 999 848 suo
1021 790 1152 868 appulsu
1173 790 1304 850 naturali
1327 790 1507 869 impeditur,

365 884 421 945 sed
440 896 601 946 extraneas
618 887 748 965 suscipit
765 907 873 946 causas
891 896 922 946 et
940 888 1103 965 principia,
1121 889 1231 965 quibus
1253 888 1429 965 adiuvatur,
1449 908 1511 948 ser·

320 980 342 1042 5
365 1004 470 1070 vatur,
487 993 633 1070 laeditur,
652 993 833 1073 impeditur,
851 995 990 1071 tollitur;
1008 1004 1040 1056 et
1060 997 1091 1055 in
1113 996 1176 1073 his,
1191 1016 1269 1072 quae
1289 995 1373 1056 dicta
1390 1006 1462 1056 sunt
1479 998 1508 1055 in

364 1101 443 1161 libro
461 1100 512 1161 De
533 1102 789 1178 generatione,
805 1102 1000 1163 distinximus
1021 1105 1153 1165 calorem
1176 1106 1350 1165 animalium
1369 1105 1506 1179 vitalem,

364 1208 549 1285 naturalem,
567 1209 720 1269 internum
736 1230 753 1268 a
768 1209 870 1270 calore
884 1218 1023 1286 externo,
1037 1211 1158 1272 adiecto
1177 1221 1208 1272 et
1225 1213 1334 1272 alieno.
1356 1211 1432 1272 Ideo
1450 1211 1510 1272 etsi

364 1315 475 1391 aliquis
495 1315 596 1376 locum
619 1315 752 1378 calidum
773 1318 805 1376 in
826 1317 926 1379 hieme
948 1320 998 1378 vel
1021 1337 1200 1396 quocunque
1221 1330 1359 1399 tempore
1381 1320 1507 1391 incolat,

365 1419 414 1480 vel
428 1419 526 1480 locum
543 1420 703 1500 frigidum,
725 1435 878 1498 quatenus
895 1426 1055 1498 aequalem
1074 1425 1255 1504 temperiem
1277 1426 1316 1485 ab
1337 1425 1509 1486 extrinseco

300 1523 341 1586 10
364 1527 552 1605 experiatur,
573 1548 633 1588 non
657 1548 693 1588 ea
714 1529 833 1589 ratione
855 1530 975 1590 tollitur
993 1530 1146 1592 ordinaria
1165 1532 1244 1591 ratio
1267 1531 1347 1592 circa
1363 1530 1507 1590 iudicium

363 1643 475 1707 motus,
495 1635 576 1694 circa
593 1636 760 1710 qualitates
777 1635 889 1698 vitales
907 1648 939 1698 et
954 1639 1101 1699 internas.

452 1803 559 1887 §HL
585 1803 661 1869 Duo
682 1803 740 1870 isti
760 1805 881 1872 circuli
908 1829 969 1873 suo
994 1812 1090 1872 motu
1119 1807 1185 1872 sibi
1214 1806 1364 1873 invicem
1395 1829 1509 1872 occur·

362 1935 460 2012 runt,
496 1939 600 2016 atque
635 1952 677 1995 ex
711 1929 848 1997 diversa
881 1932 1081 1997 obviatione
1115 1941 1150 1997 et
1182 1953 1322 1998 suarum
1353 1931 1506 2018 partium

363 2052 618 2119 combinatione
641 2055 813 2121 diversam
832 2057 870 2122 in
888 2056 1113 2122 inferioribus
1133 2056 1349 2139 mixtionem,
1375 2078 1507 2142 compo

301 2191 339 2256 15
362 2176 537 2262 sitionem,
559 2179 695 2264 seriem,
720 2181 889 2266 ordinem,
914 2182 1151 2268 symmetriam
1182 2191 1217 2246 et
1247 2180 1506 2268 asymmetriam

362 2311 536 2370 causatam
557 2312 592 2369 et
611 2304 831 2372 effectuutam
851 2306 1017 2373 indicant.

452 2430 554 2513 §IV.
580 2430 735 2508 Quilibet
769 2432 976 2498 circulorum
1012 2433 1049 2498 in
1082 2455 1118 2498 se
1151 2441 1317 2519 tanquam
1347 2431 1507 2519 proprias

361 2563 477 2643 partes
496 2555 593 2622 iuxta
612 2564 830 2646 praesentem
849 2557 1047 2624 Lullianam
1067 2557 1268 2623 methodum
1292 2565 1369 2623 octo
1388 2557 1507 2623 domos

363 2682 536 2763 continet,
557 2703 644 2767 quae
667 2692 815 2769 quatuor
840 2682 1058 2750 constituunt
1080 2683 1251 2768 regiones,
1272 2683 1436 2769 ipsaeque
1466 2682 1509 2747 si·

296 2821 340 2883 20
363 2807 576 2893 gnificantur
590 2831 652 2894 per
668 2809 752 2874 duas
769 2809 918 2892 litteras;
935 2807 1093 2895 singulae
1104 2809 1197 2874 euim
1210 2808 1389 2875 domorum
1402 2829 1508 2874 unam

362 2932 430 2997 sibi
450 2933 602 2999 litteram
620 2933 827 3001 adsciscunt.
851 2934 907 2999 lbi
930 2934 962 2999 A
981 2933 1157 3019 significat
1176 2942 1304 3018 aerem,
1326 2933 1356 2997 B
1375 2933 1507 3019 ignem,

364 3057 391 3122 O
410 3058 596 3139 terram,D
615 3081 754 3145 aquam,
773 3060 802 3123 Ε
818 3059 998 3125 humidum
1018 3068 1052 3123 et
1070 3058 1220 3125 calidum
1239 3065 1408 3143 (quaeest
1428 3080 1509 3143 qua·

363 3182 444 3249 litas
464 3184 583 3267 aeris),
604 3185 632 3248 F
652 3184 802 3251 calidum
821 3191 856 3250 et
875 3185 1005 3250 siccum
1025 3188 1161 3270 (nempe
1191 3183 1329 3271 igneum
1359 3182 1507 3269 qualita-

364 3315 460 3391 tem),
482 3308 514 3373 G
533 3310 662 3377 siccum
688 3319 723 3376 et
746 3308 914 3395 frigidum
938 3317 1074 3396 (nempe
1092 3316 1265 3393 terream),
1287 3308 1320 3373 H
1339 3307 1507 3395 frigidum

296 3442 339 3505 ‘25
363 3440 398 3497 et
415 3434 595 3500 humidum
615 3441 750 3522 (nempe
769 3441 938 3520 aqueum).

453 3561 530 3643 §lt
552 3561 643 3627 Istae
666 3561 824 3647 regiones
848 3558 1048 3646 significant
1072 3581 1143 3643 ver,
1171 3565 1350 3639 aestatem,
1369 3566 1506 3624 autum·

363 3708 460 3768 num,
484 3685 641 3753 hiemem.
667 3686 777 3772 Regio
796 3687 922 3773 prima,
947 3708 1069 3771 nempe
1089 3707 1160 3768 ver,
1182 3707 1217 3748 se
1236 3683 1392 3749 extendit
1411 3682 1455 3749 ab
1475 3684 1506 3748 A

363 3812 484 3877 circuli
503 3812 689 3899 superioris
707 3813 785 3876 ctu
805 3811 925 3877 circuli
944 3809 1131 3893 inferioris,
1152 3832 1260 3894 usque
1279 3808 1322 3874 ad
1342 3808 1507 3874 Bcirculi

364 3938 550 4026 superioris
581 3947 616 4003 et
649 3939 674 4002 F
707 3937 895 4022 inferioris,
926 3936 1017 4024 quod
1050 3936 1203 4022 spatium
1227 3934 1409 4000 constituit
1440 3934 1506 4020 pri-

296 4077 341 4139 30
364 4087 454 4130 mam
474 4065 627 4150 domum,
646 4065 701 4130 cui
721 4064 855 4150 regioni
875 4063 1083 4151 respondent
1111 4062 1180 4127 tria
1199 4060 1301 4147 signa
1324 4059 1362 4125 in
1380 4059 1508 4124 circulo

455 4331 471 4379 2
487 4329 737 4393 contemplandum
756 4327 788 4378 M
791 4321 802 4353 '’
865 4330 881 4376 tl
897 4328 1064 4379 animalium
1080 4346 1149 4392 poco
1167 4327 1263 4378 etiarn
1277 4328 1309 4378 M
1372 4331 1401 4378 14
1418 4329 1508 4380 diver-

364 4428 427 4462 sum
453 4411 484 4460 M
548 4413 710 4461 mistionem
731 4409 762 4460 M
824 4410 1022 4460 aliermont
1083 4411 1115 4460 ³0
1136 4412 1247 4473 regioni
1266 4410 1322 4460 Br:
1344 4409 1509 4471 regioneM

365 4493 473 4543 circulo
485 4492 535 4542 dac
549 4493 614 4542 volte
629 4492 661 4541 M
668 4494 673 4526 ¹
