<?xml version="1.0" encoding="UTF-8"?>
<!DOCTYPE html PUBLIC "-//W3C//DTD XHTML 1.0 Transitional//EN"
    "http://www.w3.org/TR/xhtml1/DTD/xhtml1-transitional.dtd">
<html xmlns="http://www.w3.org/1999/xhtml" xml:lang="en" lang="en">
 <head>
  <title>
</title>
<meta http-equiv="Content-Type" content="text/html;charset=utf-8" />
  <meta name='ocr-system' content='tesseract 3.04.00' />
  <meta name='ocr-capabilities' content='ocr_page ocr_carea ocr_par ocr_line ocrx_word'/>
</head>
<body>
  <div class='ocr_page' id='page_1' title='image "./jordanibruninol05brungoog_0540.png"; bbox 0 0 3488 5108; ppageno 0'>
   <div class='ocr_carea' id='block_1_1' title="bbox 776 409 1506 466">
    <p class='ocr_par' dir='ltr' id='par_1_1' title="bbox 776 409 1506 466">
     <span class='ocr_line' id='line_1_1' title="bbox 776 409 1506 466; baseline 0.004 -3"><span class='ocrx_word' id='word_1_1' title='bbox 776 420 900 465; x_wconf 72' lang='lat' dir='ltr'><strong>ritanus</strong></span> <span class='ocrx_word' id='word_1_2' title='bbox 922 421 965 464; x_wconf 89' lang='lat' dir='ltr'><strong>na</strong></span> <span class='ocrx_word' id='word_1_3' title='bbox 987 422 1100 466; x_wconf 78' lang='lat' dir='ltr'><strong>maore.</strong></span> <span class='ocrx_word' id='word_1_4' title='bbox 1447 409 1506 466; x_wconf 81' lang='grc'>413</span> 
     </span>
    </p>
   </div>
   <div class='ocr_carea' id='block_1_2' title="bbox 318 577 1507 1294">
    <p class='ocr_par' dir='ltr' id='par_1_2' title="bbox 362 577 1507 976">
     <span class='ocr_line' id='line_1_2' title="bbox 363 577 1505 656; baseline 0.002 -19"><span class='ocrx_word' id='word_1_5' title='bbox 363 598 430 638; x_wconf 88' lang='lat' dir='ltr'><strong>cum</strong></span> <span class='ocrx_word' id='word_1_6' title='bbox 445 579 493 638; x_wconf 80' lang='lat' dir='ltr'><strong>his</strong></span> <span class='ocrx_word' id='word_1_7' title='bbox 511 599 587 656; x_wconf 88' lang='lat' dir='ltr'><strong>quae</strong></span> <span class='ocrx_word' id='word_1_8' title='bbox 605 585 676 637; x_wconf 76' lang='lat' dir='ltr'><strong>erint</strong></span> <span class='ocrx_word' id='word_1_9' title='bbox 693 577 722 636; x_wconf 90' lang='lat' dir='ltr'><strong>in</strong></span> <span class='ocrx_word' id='word_1_10' title='bbox 736 597 839 637; x_wconf 86' lang='lat' dir='ltr'><strong>eorum</strong></span> <span class='ocrx_word' id='word_1_11' title='bbox 852 579 1020 656; x_wconf 77' lang='lat' dir='ltr'><strong>srrperficie.</strong></span> <span class='ocrx_word' id='word_1_12' title='bbox 1033 579 1176 639; x_wconf 87' lang='lat' dir='ltr'><strong>Notanda</strong></span> <span class='ocrx_word' id='word_1_13' title='bbox 1188 581 1279 639; x_wconf 88' lang='lat' dir='ltr'><strong>etiam</strong></span> <span class='ocrx_word' id='word_1_14' title='bbox 1290 588 1338 640; x_wconf 86' lang='lat' dir='ltr'><strong>est</strong></span> <span class='ocrx_word' id='word_1_15' title='bbox 1350 580 1505 639; x_wconf 86' lang='lat' dir='ltr'><strong>distinctio</strong></span> 
     </span>
     <span class='ocr_line' id='line_1_3' title="bbox 363 684 1507 764; baseline -0.001 -20"><span class='ocrx_word' id='word_1_16' title='bbox 363 684 581 744; x_wconf 78' lang='lat' dir='ltr'><strong>similitudinis.</strong></span> <span class='ocrx_word' id='word_1_17' title='bbox 600 685 658 744; x_wconf 86' lang='lat' dir='ltr'><strong>Est</strong></span> <span class='ocrx_word' id='word_1_18' title='bbox 676 684 754 743; x_wconf 90' lang='lat' dir='ltr'><strong>enim</strong></span> <span class='ocrx_word' id='word_1_19' title='bbox 776 684 943 744; x_wconf 81' lang='lat' dir='ltr'><strong>similitudo</strong></span> <span class='ocrx_word' id='word_1_20' title='bbox 962 684 1109 759; x_wconf 80' lang='lat' dir='ltr'>quaedam</span> <span class='ocrx_word' id='word_1_21' title='bbox 1133 686 1393 764; x_wconf 87' lang='lat' dir='ltr'><strong>aequiparantiae,</strong></span> <span class='ocrx_word' id='word_1_22' title='bbox 1419 703 1507 761; x_wconf 83' lang='lat' dir='ltr'><strong>qnae·</strong></span> 
     </span>
     <span class='ocr_line' id='line_1_4' title="bbox 363 790 1506 869; baseline 0 -21"><span class='ocrx_word' id='word_1_23' title='bbox 363 790 433 850; x_wconf 88' lang='lat' dir='ltr'><strong>dam</strong></span> <span class='ocrx_word' id='word_1_24' title='bbox 459 790 630 867; x_wconf 77' lang='lat' dir='ltr'><strong>analogiae,</strong></span> <span class='ocrx_word' id='word_1_25' title='bbox 658 790 806 866; x_wconf 85' lang='lat' dir='ltr'><strong>quaedam</strong></span> <span class='ocrx_word' id='word_1_26' title='bbox 832 791 1051 869; x_wconf 80' lang='lat' dir='ltr'><strong>proportionis,</strong></span> <span class='ocrx_word' id='word_1_27' title='bbox 1075 791 1222 866; x_wconf 85' lang='lat' dir='ltr'><strong>quaedam</strong></span> <span class='ocrx_word' id='word_1_28' title='bbox 1243 793 1380 869; x_wconf 91' lang='lat' dir='ltr'><strong>proprie:</strong></span> <span class='ocrx_word' id='word_1_29' title='bbox 1409 791 1506 869; x_wconf 89' lang='lat' dir='ltr'><strong>prima</strong></span> 
     </span>
     <span class='ocr_line' id='line_1_5' title="bbox 362 897 1505 976; baseline 0 -19"><span class='ocrx_word' id='word_1_30' title='bbox 362 918 421 973; x_wconf 85' lang='lat' dir='ltr'><strong>qna</strong></span> <span class='ocrx_word' id='word_1_31' title='bbox 438 897 528 957; x_wconf 91' lang='lat' dir='ltr'><strong>homo</strong></span> <span class='ocrx_word' id='word_1_32' title='bbox 546 905 594 957; x_wconf 87' lang='lat' dir='ltr'><strong>est</strong></span> <span class='ocrx_word' id='word_1_33' title='bbox 612 897 720 957; x_wconf 85' lang='lat' dir='ltr'><strong>similis</strong></span> <span class='ocrx_word' id='word_1_34' title='bbox 738 897 865 968; x_wconf 87' lang='lat' dir='ltr'><strong>homini,</strong></span> <span class='ocrx_word' id='word_1_35' title='bbox 886 897 1020 956; x_wconf 87' lang='lat' dir='ltr'><strong>secunda</strong></span> <span class='ocrx_word' id='word_1_36' title='bbox 1037 917 1096 973; x_wconf 87' lang='lat' dir='ltr'><strong>qna</strong></span> <span class='ocrx_word' id='word_1_37' title='bbox 1116 897 1205 956; x_wconf 90' lang='lat' dir='ltr'><strong>bomo</strong></span> <span class='ocrx_word' id='word_1_38' title='bbox 1223 898 1289 958; x_wconf 93' lang='lat' dir='ltr'><strong>Deo</strong></span> <span class='ocrx_word' id='word_1_39' title='bbox 1312 898 1420 959; x_wconf 84' lang='lat' dir='ltr'><strong>similis</strong></span> <span class='ocrx_word' id='word_1_40' title='bbox 1438 911 1505 976; x_wconf 88' lang='lat' dir='ltr'><strong>est,</strong></span> 
     </span>
    </p>

    <p class='ocr_par' dir='ltr' id='par_1_3' title="bbox 318 1003 1507 1294">
     <span class='ocr_line' id='line_1_6' title="bbox 318 1003 1505 1078; baseline 0 -13"><span class='ocrx_word' id='word_1_41' title='bbox 318 1003 338 1065; x_wconf 82' lang='lat'>5</span> <span class='ocrx_word' id='word_1_42' title='bbox 361 1004 454 1063; x_wconf 88' lang='lat' dir='ltr'><strong>tertia</strong></span> <span class='ocrx_word' id='word_1_43' title='bbox 471 1011 580 1078; x_wconf 84' lang='lat' dir='ltr'><strong>utque</strong></span> <span class='ocrx_word' id='word_1_44' title='bbox 603 1005 645 1061; x_wconf 88' lang='lat' dir='ltr'><strong>ita</strong></span> <span class='ocrx_word' id='word_1_45' title='bbox 663 1023 695 1063; x_wconf 89' lang='lat' dir='ltr'><strong>se</strong></span> <span class='ocrx_word' id='word_1_46' title='bbox 713 1003 806 1062; x_wconf 90' lang='lat' dir='ltr'><strong>habet</strong></span> <span class='ocrx_word' id='word_1_47' title='bbox 823 1022 931 1062; x_wconf 87' lang='lat' dir='ltr'><strong>sensus</strong></span> <span class='ocrx_word' id='word_1_48' title='bbox 950 1003 987 1063; x_wconf 91' lang='lat' dir='ltr'><strong>ad</strong></span> <span class='ocrx_word' id='word_1_49' title='bbox 1006 1004 1150 1064; x_wconf 79' lang='lat' dir='ltr'><strong>sensibile</strong></span> <span class='ocrx_word' id='word_1_50' title='bbox 1169 1005 1248 1064; x_wconf 86' lang='lat' dir='ltr'><strong>sicut</strong></span> <span class='ocrx_word' id='word_1_51' title='bbox 1275 1004 1449 1064; x_wconf 85' lang='lat' dir='ltr'><strong>intellectus</strong></span> <span class='ocrx_word' id='word_1_52' title='bbox 1466 1006 1505 1065; x_wconf 88' lang='lat' dir='ltr'><strong>ad</strong></span> 
     </span>
     <span class='ocr_line' id='line_1_7' title="bbox 362 1107 1507 1188; baseline 0.003 -22"><span class='ocrx_word' id='word_1_53' title='bbox 362 1110 566 1185; x_wconf 84' lang='lat' dir='ltr'><strong>intelligibile,</strong></span> <span class='ocrx_word' id='word_1_54' title='bbox 586 1120 694 1184; x_wconf 86' lang='lat' dir='ltr'><strong>quarta</strong></span> <span class='ocrx_word' id='word_1_55' title='bbox 712 1120 744 1169; x_wconf 92' lang='lat' dir='ltr'><strong>ut</strong></span> <span class='ocrx_word' id='word_1_56' title='bbox 761 1111 880 1188; x_wconf 85' lang='lat' dir='ltr'><strong>species</strong></span> <span class='ocrx_word' id='word_1_57' title='bbox 898 1109 1032 1168; x_wconf 87' lang='lat' dir='ltr'><strong>Socratis</strong></span> <span class='ocrx_word' id='word_1_58' title='bbox 1050 1110 1080 1168; x_wconf 90' lang='lat' dir='ltr'><strong>iu</strong></span> <span class='ocrx_word' id='word_1_59' title='bbox 1097 1107 1314 1185; x_wconf 80' lang='lat' dir='ltr'><strong>imaginatione</strong></span> <span class='ocrx_word' id='word_1_60' title='bbox 1332 1109 1439 1169; x_wconf 85' lang='lat' dir='ltr'><strong>similis</strong></span> <span class='ocrx_word' id='word_1_61' title='bbox 1459 1120 1507 1170; x_wconf 86' lang='lat' dir='ltr'><strong>est</strong></span> 
     </span>
     <span class='ocr_line' id='line_1_8' title="bbox 363 1214 1233 1294; baseline -0.001 -18"><span class='ocrx_word' id='word_1_62' title='bbox 363 1216 477 1294; x_wconf 89' lang='lat' dir='ltr'><strong>speciei</strong></span> <span class='ocrx_word' id='word_1_63' title='bbox 496 1236 573 1291; x_wconf 89' lang='lat' dir='ltr'><strong>quae</strong></span> <span class='ocrx_word' id='word_1_64' title='bbox 591 1217 685 1274; x_wconf 88' lang='lat' dir='ltr'><strong>estin</strong></span> <span class='ocrx_word' id='word_1_65' title='bbox 704 1216 770 1291; x_wconf 84' lang='lat' dir='ltr'><strong>ipso</strong></span> <span class='ocrx_word' id='word_1_66' title='bbox 789 1216 924 1276; x_wconf 86' lang='lat' dir='ltr'><strong>subiecto</strong></span> <span class='ocrx_word' id='word_1_67' title='bbox 943 1215 1074 1281; x_wconf 87' lang='lat' dir='ltr'><strong>naturali</strong></span> <span class='ocrx_word' id='word_1_68' title='bbox 1098 1214 1233 1292; x_wconf 87' lang='lat' dir='ltr'><strong>physico.</strong></span> 
     </span>
    </p>
   </div>
   <div class='ocr_carea' id='block_1_3' title="bbox 856 1437 1008 1501">
    <p class='ocr_par' dir='ltr' id='par_1_4' title="bbox 856 1437 1008 1501">
     <span class='ocr_line' id='line_1_9' title="bbox 856 1437 1008 1501; baseline -0.013 -1"><span class='ocrx_word' id='word_1_69' title='bbox 856 1437 1008 1501; x_wconf 77' lang='lat' dir='ltr'>XXVII.</span> 
     </span>
    </p>
   </div>
   <div class='ocr_carea' id='block_1_4' title="bbox 299 1638 1505 2354">
    <p class='ocr_par' dir='ltr' id='par_1_5' title="bbox 451 1638 1503 1727">
     <span class='ocr_line' id='line_1_10' title="bbox 451 1638 1503 1727; baseline 0.002 -24"><span class='ocrx_word' id='word_1_70' title='bbox 451 1638 506 1703; x_wconf 90' lang='lat' dir='ltr'><strong>Ad</strong></span> <span class='ocrx_word' id='word_1_71' title='bbox 525 1638 678 1703; x_wconf 86' lang='lat' dir='ltr'><strong>debitam</strong></span> <span class='ocrx_word' id='word_1_72' title='bbox 699 1641 834 1724; x_wconf 86' lang='lat' dir='ltr'><strong>agentis</strong></span> <span class='ocrx_word' id='word_1_73' title='bbox 865 1648 899 1703; x_wconf 92' lang='lat' dir='ltr'><strong>et</strong></span> <span class='ocrx_word' id='word_1_74' title='bbox 927 1640 1093 1726; x_wconf 68' lang='lat' dir='ltr'><strong>[ratientis</strong></span> <span class='ocrx_word' id='word_1_75' title='bbox 1116 1641 1400 1727; x_wconf 80' lang='lat' dir='ltr'><strong>applicationem,</strong></span> <span class='ocrx_word' id='word_1_76' title='bbox 1420 1642 1503 1706; x_wconf 88' lang='lat' dir='ltr'><strong>item</strong></span> 
     </span>
    </p>

    <p class='ocr_par' dir='ltr' id='par_1_6' title="bbox 299 1763 1505 1852">
     <span class='ocr_line' id='line_1_11' title="bbox 299 1763 1505 1852; baseline -0.003 -17"><span class='ocrx_word' id='word_1_77' title='bbox 299 1774 340 1836; x_wconf 87' lang='lat'><strong>10</strong></span> <span class='ocrx_word' id='word_1_78' title='bbox 362 1764 599 1846; x_wconf 87' lang='lat' dir='ltr'><strong>miscibilium,</strong></span> <span class='ocrx_word' id='word_1_79' title='bbox 634 1763 919 1850; x_wconf 88' lang='lat' dir='ltr'><strong>componibilium</strong></span> <span class='ocrx_word' id='word_1_80' title='bbox 955 1773 988 1828; x_wconf 86' lang='lat' dir='ltr'><strong>et</strong></span> <span class='ocrx_word' id='word_1_81' title='bbox 1023 1766 1354 1852; x_wconf 87' lang='lat' dir='ltr'><strong>apprehensibilium</strong></span> <span class='ocrx_word' id='word_1_82' title='bbox 1391 1767 1433 1832; x_wconf 86' lang='lat' dir='ltr'><strong>ad</strong></span> <span class='ocrx_word' id='word_1_83' title='bbox 1465 1789 1505 1831; x_wconf 88' lang='lat' dir='ltr'><strong>ea</strong></span> 
     </span>
    </p>

    <p class='ocr_par' dir='ltr' id='par_1_7' title="bbox 362 1890 1505 1978">
     <span class='ocr_line' id='line_1_12' title="bbox 362 1890 1505 1978; baseline 0 -22"><span class='ocrx_word' id='word_1_84' title='bbox 362 1891 488 1977; x_wconf 87' lang='lat' dir='ltr'><strong>quibus</strong></span> <span class='ocrx_word' id='word_1_85' title='bbox 508 1890 749 1970; x_wconf 82' lang='lat' dir='ltr'><strong>admiscentur,</strong></span> <span class='ocrx_word' id='word_1_86' title='bbox 771 1912 847 1954; x_wconf 84' lang='lat' dir='ltr'><strong>curn</strong></span> <span class='ocrx_word' id='word_1_87' title='bbox 866 1891 990 1974; x_wconf 76' lang='lat' dir='ltr'><strong>quibus</strong></span> <span class='ocrx_word' id='word_1_88' title='bbox 1012 1901 1264 1978; x_wconf 82' lang='lat' dir='ltr'><strong>ocurponuntur</strong></span> <span class='ocrx_word' id='word_1_89' title='bbox 1285 1900 1320 1956; x_wconf 91' lang='lat' dir='ltr'><strong>et</strong></span> <span class='ocrx_word' id='word_1_90' title='bbox 1339 1915 1359 1958; x_wconf 90' lang='lat' dir='ltr'><strong>a</strong></span> <span class='ocrx_word' id='word_1_91' title='bbox 1380 1892 1505 1977; x_wconf 86' lang='lat' dir='ltr'><strong>quibus</strong></span> 
     </span>
    </p>

    <p class='ocr_par' dir='ltr' id='par_1_8' title="bbox 361 2015 1505 2105">
     <span class='ocr_line' id='line_1_13' title="bbox 361 2015 1505 2105; baseline 0.002 -22"><span class='ocrx_word' id='word_1_92' title='bbox 361 2016 681 2104; x_wconf 84' lang='lat' dir='ltr'><strong>apprehenduntur,</strong></span> <span class='ocrx_word' id='word_1_93' title='bbox 707 2015 855 2080; x_wconf 80' lang='lat' dir='ltr'><strong>maxime</strong></span> <span class='ocrx_word' id='word_1_94' title='bbox 884 2017 1029 2100; x_wconf 87' lang='lat' dir='ltr'><strong>requirit</strong></span> <span class='ocrx_word' id='word_1_95' title='bbox 1060 2026 1253 2103; x_wconf 78' lang='lat' dir='ltr'><strong>respectum</strong></span> <span class='ocrx_word' id='word_1_96' title='bbox 1283 2019 1437 2105; x_wconf 86' lang='lat' dir='ltr'><strong>partium</strong></span> <span class='ocrx_word' id='word_1_97' title='bbox 1462 2019 1505 2085; x_wconf 89' lang='lat' dir='ltr'><strong>ad</strong></span> 
     </span>
    </p>

    <p class='ocr_par' dir='ltr' id='par_1_9' title="bbox 362 2140 1505 2354">
     <span class='ocr_line' id='line_1_14' title="bbox 362 2140 1505 2228; baseline 0.001 -21"><span class='ocrx_word' id='word_1_98' title='bbox 362 2148 492 2228; x_wconf 88' lang='lat' dir='ltr'><strong>partes,</strong></span> <span class='ocrx_word' id='word_1_99' title='bbox 509 2164 632 2226; x_wconf 86' lang='lat' dir='ltr'><strong>nempe</strong></span> <span class='ocrx_word' id='word_1_100' title='bbox 651 2148 689 2206; x_wconf 89' lang='lat' dir='ltr'><strong>nt</strong></span> <span class='ocrx_word' id='word_1_101' title='bbox 709 2141 754 2205; x_wconf 85' lang='lat' dir='ltr'><strong>sit</strong></span> <span class='ocrx_word' id='word_1_102' title='bbox 776 2140 1006 2206; x_wconf 80' lang='lat' dir='ltr'><strong>consideratio</strong></span> <span class='ocrx_word' id='word_1_103' title='bbox 1026 2142 1061 2207; x_wconf 88' lang='lat' dir='ltr'><strong>in</strong></span> <span class='ocrx_word' id='word_1_104' title='bbox 1082 2151 1257 2228; x_wconf 88' lang='lat' dir='ltr'><strong>operante,</strong></span> <span class='ocrx_word' id='word_1_105' title='bbox 1278 2144 1403 2228; x_wconf 85' lang='lat' dir='ltr'><strong>quibus</strong></span> <span class='ocrx_word' id='word_1_106' title='bbox 1438 2144 1505 2210; x_wconf 90' lang='lat' dir='ltr'><strong>loci</strong></span> 
     </span>
     <span class='ocr_line' id='line_1_15' title="bbox 364 2264 1401 2354; baseline 0.003 -23"><span class='ocrx_word' id='word_1_107' title='bbox 364 2265 570 2332; x_wconf 83' lang='lat' dir='ltr'><strong>differentiis</strong></span> <span class='ocrx_word' id='word_1_108' title='bbox 591 2286 733 2351; x_wconf 84' lang='lat' dir='ltr'><strong>corpora</strong></span> <span class='ocrx_word' id='word_1_109' title='bbox 754 2264 824 2330; x_wconf 84' lang='lat' dir='ltr'><strong>siut</strong></span> <span class='ocrx_word' id='word_1_110' title='bbox 845 2267 1068 2352; x_wconf 88' lang='lat' dir='ltr'><strong>permeabilia</strong></span> <span class='ocrx_word' id='word_1_111' title='bbox 1088 2290 1146 2333; x_wconf 89' lang='lat' dir='ltr'><strong>seu</strong></span> <span class='ocrx_word' id='word_1_112' title='bbox 1162 2268 1401 2354; x_wconf 87' lang='lat' dir='ltr'><strong>penetrabilia.</strong></span> 
     </span>
    </p>
   </div>
   <div class='ocr_carea' id='block_1_5' title="bbox 296 2422 1383 2506">
    <p class='ocr_par' dir='ltr' id='par_1_10' title="bbox 296 2422 1383 2506">
     <span class='ocr_line' id='line_1_16' title="bbox 296 2422 1383 2506; baseline 0.007 -22"><span class='ocrx_word' id='word_1_113' title='bbox 296 2422 337 2484; x_wconf 80' lang='lat' dir='ltr'><strong>lb</strong></span> <span class='ocrx_word' id='word_1_114' title='bbox 452 2429 545 2488; x_wconf 86' lang='lat' dir='ltr'><strong>Ratio</strong></span> <span class='ocrx_word' id='word_1_115' title='bbox 564 2427 653 2488; x_wconf 90' lang='lat' dir='ltr'><strong>huius</strong></span> <span class='ocrx_word' id='word_1_116' title='bbox 669 2440 717 2488; x_wconf 89' lang='lat' dir='ltr'><strong>est</strong></span> <span class='ocrx_word' id='word_1_117' title='bbox 735 2429 765 2487; x_wconf 90' lang='lat' dir='ltr'><strong>in</strong></span> <span class='ocrx_word' id='word_1_118' title='bbox 783 2430 930 2506; x_wconf 85' lang='lat' dir='ltr'><strong>exemplis</strong></span> <span class='ocrx_word' id='word_1_119' title='bbox 948 2450 1025 2505; x_wconf 89' lang='lat' dir='ltr'><strong>qnae</strong></span> <span class='ocrx_word' id='word_1_120' title='bbox 1043 2439 1114 2490; x_wconf 84' lang='lat' dir='ltr'><strong>sunt</strong></span> <span class='ocrx_word' id='word_1_121' title='bbox 1128 2431 1160 2490; x_wconf 90' lang='lat' dir='ltr'><strong>in</strong></span> <span class='ocrx_word' id='word_1_122' title='bbox 1174 2434 1229 2491; x_wconf 79' lang='lat'><strong>270</strong></span> <span class='ocrx_word' id='word_1_123' title='bbox 1247 2435 1383 2492; x_wconf 88' lang='lat' dir='ltr'><strong>articulo.</strong></span> 
     </span>
    </p>
   </div>
   <div class='ocr_carea' id='block_1_6' title="bbox 847 2662 1018 2727">
    <p class='ocr_par' dir='ltr' id='par_1_11' title="bbox 847 2662 1018 2727">
     <span class='ocr_line' id='line_1_17' title="bbox 847 2662 1018 2727; baseline -0.006 0"><span class='ocrx_word' id='word_1_124' title='bbox 847 2662 1018 2727; x_wconf 89' lang='lat' dir='ltr'>XXVIII.</span> 
     </span>
    </p>
   </div>
   <div class='ocr_carea' id='block_1_7' title="bbox 360 2871 1504 3209">
    <p class='ocr_par' dir='ltr' id='par_1_12' title="bbox 360 2871 1504 3209">
     <span class='ocr_line' id='line_1_18' title="bbox 450 2871 1503 2961; baseline 0 -23"><span class='ocrx_word' id='word_1_125' title='bbox 450 2873 551 2940; x_wconf 88' lang='lat' dir='ltr'><strong>Ultra</strong></span> <span class='ocrx_word' id='word_1_126' title='bbox 570 2871 722 2959; x_wconf 89' lang='lat' dir='ltr'><strong>partium</strong></span> <span class='ocrx_word' id='word_1_127' title='bbox 742 2873 945 2958; x_wconf 88' lang='lat' dir='ltr'><strong>qualitatem</strong></span> <span class='ocrx_word' id='word_1_128' title='bbox 970 2880 1074 2959; x_wconf 88' lang='lat' dir='ltr'><strong>atque</strong></span> <span class='ocrx_word' id='word_1_129' title='bbox 1093 2875 1197 2938; x_wconf 88' lang='lat' dir='ltr'><strong>situm</strong></span> <span class='ocrx_word' id='word_1_130' title='bbox 1229 2873 1315 2939; x_wconf 87' lang='lat' dir='ltr'><strong>illud</strong></span> <span class='ocrx_word' id='word_1_131' title='bbox 1343 2886 1503 2961; x_wconf 89' lang='lat' dir='ltr'><strong>operator</strong></span> 
     </span>
     <span class='ocr_line' id='line_1_19' title="bbox 362 2998 1504 3086; baseline 0.001 -23"><span class='ocrx_word' id='word_1_132' title='bbox 362 2998 463 3064; x_wconf 89' lang='lat' dir='ltr'><strong>debet</strong></span> <span class='ocrx_word' id='word_1_133' title='bbox 481 2999 621 3086; x_wconf 88' lang='lat' dir='ltr'><strong>iusuper</strong></span> <span class='ocrx_word' id='word_1_134' title='bbox 640 2998 848 3084; x_wconf 85' lang='lat' dir='ltr'><strong>intelligere,</strong></span> <span class='ocrx_word' id='word_1_135' title='bbox 872 2999 962 3085; x_wconf 72' lang='lat' dir='ltr'><strong>«prod</strong></span> <span class='ocrx_word' id='word_1_136' title='bbox 985 2999 1069 3066; x_wconf 83' lang='lat' dir='ltr'><strong>facit</strong></span> <span class='ocrx_word' id='word_1_137' title='bbox 1093 2999 1136 3065; x_wconf 89' lang='lat' dir='ltr'><strong>ad</strong></span> <span class='ocrx_word' id='word_1_138' title='bbox 1160 3006 1299 3086; x_wconf 86' lang='lat' dir='ltr'><strong>ceptum</strong></span> <span class='ocrx_word' id='word_1_139' title='bbox 1319 3022 1434 3066; x_wconf 87' lang='lat' dir='ltr'><strong>eorum</strong></span> <span class='ocrx_word' id='word_1_140' title='bbox 1455 2999 1504 3064; x_wconf 89' lang='lat' dir='ltr'><strong>af-</strong></span> 
     </span>
     <span class='ocr_line' id='line_1_20' title="bbox 360 3123 1503 3209; baseline 0 -21"><span class='ocrx_word' id='word_1_141' title='bbox 360 3123 512 3189; x_wconf 88' lang='lat' dir='ltr'><strong>fectuum</strong></span> <span class='ocrx_word' id='word_1_142' title='bbox 532 3147 592 3190; x_wconf 88' lang='lat' dir='ltr'><strong>sen</strong></span> <span class='ocrx_word' id='word_1_143' title='bbox 611 3124 840 3188; x_wconf 85' lang='lat' dir='ltr'><strong>accidentium</strong></span> <span class='ocrx_word' id='word_1_144' title='bbox 867 3124 992 3209; x_wconf 81' lang='lat' dir='ltr'><strong>quibus</strong></span> <span class='ocrx_word' id='word_1_145' title='bbox 1019 3147 1072 3189; x_wconf 89' lang='lat' dir='ltr'><strong>res</strong></span> <span class='ocrx_word' id='word_1_146' title='bbox 1102 3124 1228 3189; x_wconf 87' lang='lat' dir='ltr'><strong>debent</strong></span> <span class='ocrx_word' id='word_1_147' title='bbox 1251 3124 1443 3204; x_wconf 75' lang='lat' dir='ltr'><strong>imrnutarI,</strong></span> <span class='ocrx_word' id='word_1_148' title='bbox 1465 3131 1503 3188; x_wconf 90' lang='lat' dir='ltr'><strong>ut</strong></span> 
     </span>
    </p>
   </div>
   <div class='ocr_carea' id='block_1_8' title="bbox 294 3250 1506 3341">
    <p class='ocr_par' dir='ltr' id='par_1_13' title="bbox 294 3250 1506 3341">
     <span class='ocr_line' id='line_1_21' title="bbox 294 3250 1506 3341; baseline -0.005 -22"><span class='ocrx_word' id='word_1_149' title='bbox 294 3275 339 3339; x_wconf 74' lang='lat'><strong>20</strong></span> <span class='ocrx_word' id='word_1_150' title='bbox 361 3255 431 3319; x_wconf 84' lang='lat' dir='ltr'><strong>sint</strong></span> <span class='ocrx_word' id='word_1_151' title='bbox 450 3261 532 3341; x_wconf 88' lang='lat' dir='ltr'><strong>apta</strong></span> <span class='ocrx_word' id='word_1_152' title='bbox 551 3261 634 3318; x_wconf 86' lang='lat' dir='ltr'><strong>nuta</strong></span> <span class='ocrx_word' id='word_1_153' title='bbox 653 3252 760 3339; x_wconf 84' lang='lat' dir='ltr'><strong>recipi</strong></span> <span class='ocrx_word' id='word_1_154' title='bbox 781 3276 800 3317; x_wconf 89' lang='lat' dir='ltr'><strong>a</strong></span> <span class='ocrx_word' id='word_1_155' title='bbox 820 3252 948 3317; x_wconf 86' lang='lat' dir='ltr'><strong>talibus</strong></span> <span class='ocrx_word' id='word_1_156' title='bbox 970 3250 1148 3332; x_wconf 86' lang='lat' dir='ltr'><strong>subiectis;</strong></span> <span class='ocrx_word' id='word_1_157' title='bbox 1168 3252 1230 3315; x_wconf 82' lang='lat' dir='ltr'><strong>hoc</strong></span> <span class='ocrx_word' id='word_1_158' title='bbox 1258 3250 1349 3314; x_wconf 88' lang='lat' dir='ltr'><strong>enim</strong></span> <span class='ocrx_word' id='word_1_159' title='bbox 1368 3250 1506 3336; x_wconf 85' lang='lat' dir='ltr'><strong>potissi-</strong></span> 
     </span>
    </p>
   </div>
   <div class='ocr_carea' id='block_1_9' title="bbox 360 3375 1504 3590">
    <p class='ocr_par' dir='ltr' id='par_1_14' title="bbox 360 3375 1504 3590">
     <span class='ocr_line' id='line_1_22' title="bbox 361 3375 1503 3465; baseline -0.005 -20"><span class='ocrx_word' id='word_1_160' title='bbox 361 3402 453 3445; x_wconf 87' lang='lat' dir='ltr'><strong>mum</strong></span> <span class='ocrx_word' id='word_1_161' title='bbox 482 3386 533 3444; x_wconf 88' lang='lat' dir='ltr'><strong>est</strong></span> <span class='ocrx_word' id='word_1_162' title='bbox 553 3378 665 3444; x_wconf 86' lang='lat' dir='ltr'><strong>omnis</strong></span> <span class='ocrx_word' id='word_1_163' title='bbox 684 3377 895 3465; x_wconf 86' lang='lat' dir='ltr'><strong>operationis</strong></span> <span class='ocrx_word' id='word_1_164' title='bbox 919 3399 961 3440; x_wconf 85' lang='lat' dir='ltr'><strong>ex</strong></span> <span class='ocrx_word' id='word_1_165' title='bbox 984 3375 1194 3463; x_wconf 87' lang='lat' dir='ltr'><strong>praescripto</strong></span> <span class='ocrx_word' id='word_1_166' title='bbox 1222 3376 1391 3462; x_wconf 82' lang='lat' dir='ltr'><strong>propositi</strong></span> <span class='ocrx_word' id='word_1_167' title='bbox 1411 3375 1503 3457; x_wconf 85' lang='lat' dir='ltr'><strong>finis,</strong></span> 
     </span>
     <span class='ocr_line' id='line_1_23' title="bbox 360 3500 1504 3590; baseline -0.006 -19"><span class='ocrx_word' id='word_1_168' title='bbox 360 3514 399 3571; x_wconf 89' lang='lat' dir='ltr'><strong>ut</strong></span> <span class='ocrx_word' id='word_1_169' title='bbox 431 3506 588 3570; x_wconf 82' lang='lat' dir='ltr'><strong>videatur</strong></span> <span class='ocrx_word' id='word_1_170' title='bbox 612 3527 700 3590; x_wconf 87' lang='lat' dir='ltr'><strong>qnae</strong></span> <span class='ocrx_word' id='word_1_171' title='bbox 730 3525 749 3567; x_wconf 89' lang='lat' dir='ltr'><strong>a</strong></span> <span class='ocrx_word' id='word_1_172' title='bbox 777 3504 903 3588; x_wconf 83' lang='lat' dir='ltr'><strong>qnibns</strong></span> <span class='ocrx_word' id='word_1_173' title='bbox 932 3501 1125 3589; x_wconf 83' lang='lat' dir='ltr'><strong>patiantur,</strong></span> <span class='ocrx_word' id='word_1_174' title='bbox 1147 3508 1181 3565; x_wconf 89' lang='lat' dir='ltr'><strong>et</strong></span> <span class='ocrx_word' id='word_1_175' title='bbox 1201 3500 1387 3566; x_wconf 83' lang='lat' dir='ltr'><strong>secundnm</strong></span> <span class='ocrx_word' id='word_1_176' title='bbox 1421 3522 1504 3583; x_wconf 67' lang='lat' dir='ltr'><strong>spiras</strong></span> 
     </span>
    </p>
   </div>
   <div class='ocr_carea' id='block_1_10' title="bbox 360 3628 1035 3716">
    <p class='ocr_par' dir='ltr' id='par_1_15' title="bbox 360 3628 1035 3716">
     <span class='ocr_line' id='line_1_24' title="bbox 360 3628 1035 3716; baseline -0.006 -20"><span class='ocrx_word' id='word_1_177' title='bbox 360 3629 662 3698; x_wconf 86' lang='lat' dir='ltr'><strong>transmutationis</strong></span> <span class='ocrx_word' id='word_1_178' title='bbox 681 3629 812 3716; x_wconf 83' lang='lat' dir='ltr'><strong>species</strong></span> <span class='ocrx_word' id='word_1_179' title='bbox 831 3628 1035 3693; x_wconf 85' lang='lat' dir='ltr'><strong>afficiantur.</strong></span> 
     </span>
    </p>
   </div>
   <div class='ocr_carea' id='block_1_11' title="bbox 452 3796 992 3873">
    <p class='ocr_par' dir='ltr' id='par_1_16' title="bbox 452 3796 992 3873">
     <span class='ocr_line' id='line_1_25' title="bbox 452 3796 992 3873; baseline -0.011 -15"><span class='ocrx_word' id='word_1_180' title='bbox 452 3798 542 3858; x_wconf 83' lang='lat' dir='ltr'><strong>Ratio</strong></span> <span class='ocrx_word' id='word_1_181' title='bbox 560 3799 687 3857; x_wconf 84' lang='lat' dir='ltr'><strong>istorum</strong></span> <span class='ocrx_word' id='word_1_182' title='bbox 706 3798 744 3856; x_wconf 88' lang='lat' dir='ltr'><strong>ab</strong></span> <span class='ocrx_word' id='word_1_183' title='bbox 762 3796 910 3873; x_wconf 80' lang='lat' dir='ltr'><strong>exemplis</strong></span> <span class='ocrx_word' id='word_1_184' title='bbox 928 3796 992 3852; x_wconf 76' lang='lat'><strong>280.</strong></span> 
     </span>
    </p>
   </div>
   <div class='ocr_carea' id='block_1_12' title="bbox 360 4049 1506 4608">
    <p class='ocr_par' dir='ltr' id='par_1_17' title="bbox 360 4049 1506 4608">
     <span class='ocr_line' id='line_1_26' title="bbox 455 4049 1504 4115; baseline -0.009 -9"><span class='ocrx_word' id='word_1_185' title='bbox 455 4061 468 4106; x_wconf 90' lang='lat'>1</span> <span class='ocrx_word' id='word_1_186' title='bbox 481 4065 526 4107; x_wconf 89' lang='lat' dir='ltr'><strong>est</strong></span> <span class='ocrx_word' id='word_1_187' title='bbox 538 4074 585 4105; x_wconf 85' lang='lat' dir='ltr'><strong>om.</strong></span> <span class='ocrx_word' id='word_1_188' title='bbox 605 4056 626 4106; x_wconf 80' lang='lat'><em>0</em></span> <span class='ocrx_word' id='word_1_189' title='bbox 687 4056 702 4102; x_wconf 74' lang='lat' dir='ltr'><strong>«l</strong></span> <span class='ocrx_word' id='word_1_190' title='bbox 715 4061 759 4104; x_wconf 82' lang='lat' dir='ltr'><strong>est</strong></span> <span class='ocrx_word' id='word_1_191' title='bbox 773 4055 875 4103; x_wconf 76' lang='lat' dir='ltr'><strong>similia</strong></span> <span class='ocrx_word' id='word_1_192' title='bbox 890 4053 1000 4102; x_wconf 83' lang='lat' dir='ltr'><strong>bomini</strong></span> <span class='ocrx_word' id='word_1_193' title='bbox 1015 4070 1026 4101; x_wconf 77' lang='lat' dir='ltr'><strong>a</strong></span> <span class='ocrx_word' id='word_1_194' title='bbox 1043 4057 1071 4115; x_wconf 80' lang='lat' dir='ltr'><strong>(a</strong></span> <span class='ocrx_word' id='word_1_195' title='bbox 1084 4058 1182 4115; x_wconf 74' lang='lat' dir='ltr'><strong>querno</strong></span> <span class='ocrx_word' id='word_1_196' title='bbox 1195 4050 1309 4111; x_wconf 75' lang='lat' dir='ltr'><strong>scrabra)</strong></span> <span class='ocrx_word' id='word_1_197' title='bbox 1326 4050 1384 4098; x_wconf 74' lang='lat' dir='ltr'><strong>Deo</strong></span> <span class='ocrx_word' id='word_1_198' title='bbox 1401 4049 1504 4098; x_wconf 83' lang='lat' dir='ltr'><strong>similis</strong></span> 
     </span>
     <span class='ocr_line' id='line_1_27' title="bbox 361 4133 1504 4189; baseline -0.01 -2"><span class='ocrx_word' id='word_1_199' title='bbox 361 4148 405 4188; x_wconf 84' lang='lat' dir='ltr'><strong>est</strong></span> <span class='ocrx_word' id='word_1_200' title='bbox 419 4139 461 4188; x_wconf 84' lang='lat' dir='ltr'><strong>M:</strong></span> <span class='ocrx_word' id='word_1_201' title='bbox 482 4139 585 4189; x_wconf 80' lang='lat' dir='ltr'><strong>similia</strong></span> <span class='ocrx_word' id='word_1_202' title='bbox 603 4146 648 4187; x_wconf 82' lang='lat' dir='ltr'><strong>est</strong></span> <span class='ocrx_word' id='word_1_203' title='bbox 668 4137 777 4186; x_wconf 88' lang='lat' dir='ltr'><strong>homini</strong></span> <span class='ocrx_word' id='word_1_204' title='bbox 798 4153 810 4185; x_wconf 88' lang='lat' dir='ltr'><strong>e</strong></span> <span class='ocrx_word' id='word_1_205' title='bbox 831 4137 934 4184; x_wconf 76' lang='lat' dir='ltr'><strong>similis</strong></span> <span class='ocrx_word' id='word_1_206' title='bbox 952 4133 1099 4183; x_wconf 73' lang='lat' dir='ltr'><strong>estdeotl</strong></span> <span class='ocrx_word' id='word_1_207' title='bbox 1159 4135 1254 4180; x_wconf 73' lang='lat' dir='ltr'><strong>buta</strong></span> <span class='ocrx_word' id='word_1_208' title='bbox 1270 4148 1410 4178; x_wconf 74' lang='grc'>1111111111</span> <span class='ocrx_word' id='word_1_209' title='bbox 1426 4148 1504 4178; x_wconf 74' lang='grc'>11111</span> 
     </span>
     <span class='ocr_line' id='line_1_28' title="bbox 360 4212 1504 4286; baseline -0.009 -16"><span class='ocrx_word' id='word_1_210' title='bbox 360 4221 513 4286; x_wconf 71' lang='lat' dir='ltr'><strong>speciest!</strong></span> <span class='ocrx_word' id='word_1_211' title='bbox 577 4219 737 4269; x_wconf 74' lang='lat' dir='ltr'><strong>ildebitum</strong></span> <span class='ocrx_word' id='word_1_212' title='bbox 760 4217 782 4268; x_wconf 82' lang='lat'><em>0</em></span> <span class='ocrx_word' id='word_1_213' title='bbox 846 4217 873 4266; x_wconf 72' lang='lat'><strong>1⁴2</strong></span> <span class='ocrx_word' id='word_1_214' title='bbox 891 4215 1022 4278; x_wconf 82' lang='lat' dir='ltr'><strong>requirit]</strong></span> <span class='ocrx_word' id='word_1_215' title='bbox 1045 4230 1113 4262; x_wconf 79' lang='lat' dir='ltr'><strong>corna</strong></span> <span class='ocrx_word' id='word_1_216' title='bbox 1133 4230 1159 4262; x_wconf 80' lang='lat' dir='ltr'><strong>aa</strong></span> <span class='ocrx_word' id='word_1_217' title='bbox 1177 4213 1378 4277; x_wconf 79' lang='lat' dir='ltr'><strong>coppetlosorae</strong></span> <span class='ocrx_word' id='word_1_218' title='bbox 1403 4212 1504 4261; x_wconf 79' lang='lat' dir='ltr'><strong>Debita</strong></span> 
     </span>
     <span class='ocr_line' id='line_1_29' title="bbox 362 4293 1506 4369; baseline -0.006 -19"><span class='ocrx_word' id='word_1_219' title='bbox 362 4300 544 4367; x_wconf 73' lang='lat' dir='ltr'><strong>applicatio?</strong></span> <span class='ocrx_word' id='word_1_220' title='bbox 624 4301 653 4348; x_wconf 83' lang='lat'><strong>15</strong></span> <span class='ocrx_word' id='word_1_221' title='bbox 677 4299 815 4363; x_wconf 81' lang='lat' dir='ltr'><strong>exemplis</strong></span> <span class='ocrx_word' id='word_1_222' title='bbox 843 4311 916 4362; x_wconf 86' lang='lat' dir='ltr'><strong>quae</strong></span> <span class='ocrx_word' id='word_1_223' title='bbox 941 4302 1010 4344; x_wconf 87' lang='lat' dir='ltr'><strong>sunt</strong></span> <span class='ocrx_word' id='word_1_224' title='bbox 1036 4294 1067 4343; x_wconf 70' lang='lat' dir='ltr'><strong>al!</strong></span> <span class='ocrx_word' id='word_1_225' title='bbox 1087 4294 1136 4358; x_wconf 82' lang='lat'><strong>(?):</strong></span> <span class='ocrx_word' id='word_1_226' title='bbox 1163 4294 1293 4369; x_wconf 77' lang='lat' dir='ltr'><strong>exemplo</strong></span> <span class='ocrx_word' id='word_1_227' title='bbox 1316 4293 1391 4359; x_wconf 89' lang='lat' dir='ltr'><strong>quod</strong></span> <span class='ocrx_word' id='word_1_228' title='bbox 1415 4300 1459 4341; x_wconf 88' lang='lat' dir='ltr'><strong>est</strong></span> <span class='ocrx_word' id='word_1_229' title='bbox 1485 4294 1506 4343; x_wconf 77' lang='lat'><strong><em>0</em></strong></span> 
     </span>
     <span class='ocr_line' id='line_1_30' title="bbox 363 4371 1501 4444; baseline -0.012 -10"><span class='ocrx_word' id='word_1_230' title='bbox 363 4387 392 4434; x_wconf 85' lang='lat' dir='ltr'><strong>lb&#39;</strong></span> <span class='ocrx_word' id='word_1_231' title='bbox 409 4383 546 4434; x_wconf 79' lang='lat' dir='ltr'>XXVIII.</span> <span class='ocrx_word' id='word_1_232' title='bbox 563 4384 594 4433; x_wconf 81' lang='lat'><strong>0:</strong></span> <span class='ocrx_word' id='word_1_233' title='bbox 618 4381 731 4432; x_wconf 74' lang='lat' dir='ltr'>XXVII</span> <span class='ocrx_word' id='word_1_234' title='bbox 750 4381 782 4430; x_wconf 84' lang='grc' dir='ltr'><em>Μ</em></span> <span class='ocrx_word' id='word_1_235' title='bbox 843 4380 924 4429; x_wconf 71' lang='grc' dir='ltr'><strong>22.Ωὸ</strong></span> <span class='ocrx_word' id='word_1_236' title='bbox 940 4394 1012 4444; x_wconf 86' lang='lat' dir='ltr'><strong>quas</strong></span> <span class='ocrx_word' id='word_1_237' title='bbox 1030 4383 1255 4426; x_wconf 78' lang='lat' dir='ltr'><strong>transmutatoes</strong></span> <span class='ocrx_word' id='word_1_238' title='bbox 1276 4376 1334 4439; x_wconf 75' lang='lat' dir='ltr'><strong>(tic)</strong></span> <span class='ocrx_word' id='word_1_239' title='bbox 1358 4371 1439 4440; x_wconf 80' lang='lat' dir='ltr'><strong>spese</strong></span> <span class='ocrx_word' id='word_1_240' title='bbox 1460 4373 1501 4423; x_wconf 66' lang='grc'>1111</span> 
     </span>
     <span class='ocr_line' id='line_1_31' title="bbox 361 4458 1156 4533; baseline -0.009 -16"><span class='ocrx_word' id='word_1_241' title='bbox 361 4475 456 4533; x_wconf 78' lang='lat' dir='ltr'><strong>partos</strong></span> <span class='ocrx_word' id='word_1_242' title='bbox 472 4464 724 4515; x_wconf 61' lang='lat' dir='ltr'><strong>transmutationis</strong></span> <span class='ocrx_word' id='word_1_243' title='bbox 740 4463 848 4529; x_wconf 81' lang='lat' dir='ltr'><strong>species</strong></span> <span class='ocrx_word' id='word_1_244' title='bbox 867 4460 887 4510; x_wconf 76' lang='lat' dir='ltr'><strong>t·</strong></span> <span class='ocrx_word' id='word_1_245' title='bbox 948 4461 979 4510; x_wconf 81' lang='grc'>21</span> <span class='ocrx_word' id='word_1_246' title='bbox 995 4460 1116 4509; x_wconf 81' lang='lat' dir='ltr'><strong>istarum</strong></span> <span class='ocrx_word' id='word_1_247' title='bbox 1134 4458 1156 4510; x_wconf 80' lang='grc'><strong><em>0</em></strong></span> 
     </span>
     <span class='ocr_line' id='line_1_32' title="bbox 496 4549 1346 4608; baseline -0.009 -10"><span class='ocrx_word' id='word_1_248' title='bbox 496 4559 571 4598; x_wconf 73' lang='lat' dir='ltr'><strong>Bausr</strong></span> <span class='ocrx_word' id='word_1_249' title='bbox 590 4560 642 4608; x_wconf 81' lang='lat' dir='ltr'><strong>Opp.</strong></span> <span class='ocrx_word' id='word_1_250' title='bbox 660 4560 700 4596; x_wconf 76' lang='lat' dir='ltr'><strong>tot.</strong></span> <span class='ocrx_word' id='word_1_251' title='bbox 718 4558 759 4596; x_wconf 87' lang='lat' dir='ltr'><strong>lll.</strong></span> <span class='ocrx_word' id='word_1_252' title='bbox 1319 4549 1346 4590; x_wconf 84' lang='grc'><strong>110</strong></span> 
     </span>
    </p>
   </div>
   <div class='ocr_carea' id='block_1_13' title="bbox 0 0 1748 5108">
    <p class='ocr_par' dir='ltr' id='par_1_18' title="bbox 0 0 1748 5108">
     <span class='ocr_line' id='line_1_33' title="bbox 0 0 1748 5108; baseline 0 0"><span class='ocrx_word' id='word_1_253' title='bbox 0 0 1748 5108; x_wconf 95' lang='lat' dir='ltr'><strong> </strong></span> 
     </span>
    </p>
   </div>
  </div>
 </body>
</html>
