3488 5108
478 428 482 435 '
519 442 648 487 neuras
669 441 827 487 caraman
849 441 1055 487 srarvaavn.
1302 429 1359 487 105
1431 460 1439 480 .

307 598 441 663 XXIV.
464 598 529 663 Pro
548 597 617 663 fine
637 599 696 684 qui
716 605 768 664 est
787 598 974 664 necessitas
994 598 1084 685 ipsa,
1109 598 1210 684 quale
1235 605 1287 665 est
1311 598 1360 664 fa·

216 731 306 807 tum,
326 723 480 808 fortuna,
502 745 587 807 sors,
609 724 730 807 Paroa,
750 723 926 809 Lachesin,
948 724 1111 810 Atropus.

304 849 421 915 XXV.
446 851 513 916 Pro
533 849 600 914 fine
620 849 863 936 corruptioniS,
885 851 997 935 qualis
1016 857 1068 915 est
1087 873 1192 933 mora,
1212 852 1331 917 letum.

305 976 440 1041 XXVI.
462 977 529 1041 Pro
552 974 621 1040 fine
644 976 786 1041 ultimae
815 975 1141 1061 administrationis,
1167 976 1283 1062 qualia
1308 1000 1358 1042 se·

171 1105 192 1170 b
215 1100 369 1188 pultura,
390 1100 507 1185 funus,
528 1101 701 1187 exequiae.

303 1225 457 1292 XXVII.
482 1227 549 1292 Pro
569 1227 637 1291 fine
657 1225 798 1292 ultimae
818 1225 1050 1310 resolutionis,
1072 1227 1183 1312 qualis
1203 1225 1358 1314 designa·

215 1355 272 1415 tur
290 1374 352 1438 per
371 1374 459 1435 ossa,
480 1352 673 1439 pulverem,
694 1350 834 1416 cineres.

305 1477 477 1541 XXVIII.
502 1478 569 1542 Pro
589 1478 658 1542 fine
677 1475 920 1564 reparationiS,
941 1476 1053 1560 qualis
1072 1483 1125 1542 est
1140 1476 1357 1561 instauratio,

214 1600 369 1685 refectio,
389 1602 571 1685 redenrtiO,
591 1601 822 1690 reprdlulatio.

150 1736 193 1801 10
306 1727 446 1792 XXIX.
471 1728 538 1792 Pro
565 1727 633 1792 fine
659 1727 865 1793 intentionis
892 1727 1042 1813 agentia,
1068 1734 1108 1792 ut
1134 1734 1186 1793 est
1215 1727 1356 1810 bonum,

216 1853 419 1940 appetibile,
440 1853 608 1940 dignitas,
631 1853 802 1919 meritum.

305 1979 427 2044 XXX.
456 1980 523 2045 Pro
556 1980 625 2044 fine
652 1979 796 2044 ultimae
820 1979 1044 2062 executioniS,
1069 1978 1161 2064 quod
1185 1977 1276 2044 idem
1306 1985 1358 2044 eat

215 2106 427 2194 principium
446 2106 557 2171 omnis
570 2105 782 2192 operationis
795 2112 829 2169 et
841 2104 1058 2192 praepositus
1075 2109 1126 2169 ost
1143 2110 1246 2189 atque
1263 2125 1360 2190 prae·

215 2239 417 2298 numeratus
436 2254 499 2319 pro
519 2241 642 2316 quarto
662 2254 860 2296 caussarum
878 2253 1016 2317 genere,
1035 2228 1147 2316 qualis
1163 2236 1215 2295 est
1230 2229 1356 2315 gloria,

150 2361 192 2426 15
215 2356 394 2445 perfectio,
416 2357 489 2422 vita
509 2362 648 2422 aeterna
673 2362 707 2421 et
731 2355 872 2440 similia,
896 2378 983 2441 quae
1008 2356 1045 2420 in
1071 2355 1218 2441 triginta
1243 2352 1358 2420 condi·

213 2482 368 2549 tionibus
388 2481 570 2569 Sagittarii
590 2481 842 2567 significantur.

302 2610 345 2674 In
365 2631 432 2695 qua
452 2607 590 2694 quidem
610 2608 757 2690 ratione,
778 2608 868 2672 siout
889 2609 893 2690 Ι
915 2607 951 2670 in
967 2606 1056 2689 aliie,
1075 2606 1161 2671 illud
1178 2605 1216 2670 in
1232 2626 1357 2671 memo·
1382 2607 1500 2671 143ν

214 2735 302 2801 riam
322 2742 374 2799 est
394 2732 637 2815 revocandum,
660 2732 751 2817 quod
771 2755 832 2819 per
855 2739 1071 2819 praesentem
1096 2730 1356 2797 distinctionem

214 2866 248 2925 et
267 2859 436 2941 ordinem,
456 2881 558 2945 quan
576 2857 722 2943 quilibet
739 2856 996 2923 concatenando
1013 2864 1047 2922 et
1066 2857 1356 2943 consequentibus

146 2986 191 3050 20
214 2984 420 3071 quibusdam
440 2983 633 3048 rationibus
654 2983 886 3048 coordinando
910 2983 1039 3070 poterit
1061 2983 1226 3067 figurare,
1253 3004 1358 3068 quan-

213 3111 412 3197 doquidem,
442 3117 481 3175 ut
510 3108 709 3174 clarissimis
739 3109 880 3174 tandem
911 3107 1076 3195 exenrplis
1107 3107 1356 3191 insinuabitur,

213 3258 283 3302 non
302 3236 412 3302 solum
430 3234 513 3300 liaeo
532 3234 644 3299 facere
663 3233 874 3300 videbuntur
895 3233 938 3298 ad
957 3233 1185 3299 retentionem
1209 3239 1244 3297 et
1267 3231 1356 3298 indi-

213 3361 304 3427 cium
334 3368 369 3426 et
399 3360 635 3426 inventionem
671 3360 761 3425 circa
793 3360 947 3426 subiecta
972 3357 1095 3424 horum
1128 3358 1357 3423 terminorum

213 3491 396 3573 (quatenus
416 3485 578 3551 videlicet
598 3486 658 3551 ubi
675 3509 744 3551 una
764 3509 783 3550 e
803 3487 847 3549 30
865 3482 1179 3570 significationibus
1204 3505 1357 3548 occurre·

145 3620 190 3684 ‘25
213 3612 272 3695 rit,
297 3619 412 3699 potest
430 3634 493 3698 per
512 3611 597 3676 alias
625 3613 668 3677 29
697 3611 832 3693 deduci,
853 3631 1077 3697 quaecunque
1101 3608 1147 3673 sit
1176 3608 1266 3691 illa),
1298 3608 1357 3673 sed

212 3740 319 3805 etiam
342 3738 406 3804 hae
436 3760 553 3803 omues
579 3737 850 3823 significationes
881 3743 984 3822 atque
1012 3733 1169 3820 singulae
1194 3739 1270 3798 tum
1293 3755 1354 3820 per

212 3865 298 3930 alias
317 3870 449 3930 statuas
469 3863 663 3929 formantur
682 3862 874 3943 universas,
900 3870 973 3926 turn
998 3860 1102 3925 etiam
1128 3858 1356 3944 quodeunque

214 3990 461 4055 considerabile
480 3989 689 4077 perlustrare
713 3987 863 4052 maxima
885 3985 1055 4051 facilitate
1079 3990 1233 4072 possunt.
1258 3983 1356 4050 Sicut

226 4161 928 4172 .-—--———-——--.-———-—--—

305 4271 464 4338 lipaaom.
484 4271 516 4320 l!
577 4271 691 4320 innanzi
712 4288 728 4319 α
746 4272 829 4337 qualo
847 4270 966 4321 cancella
991 4269 1066 4319 unde
1089 4269 1111 4317 Α
1176 4268 1299 4317 blatum
1315 4266 1361 4316 M:

212 4352 322 4402 lethum
345 4353 369 4402 A
433 4351 667 4416 4.5sopulturae
689 4353 723 4400 ΔΙ
786 4347 1176 4416 dredotiorapululatiod:
1199 4347 1359 4412 redemptio

212 4433 398 4500 repullulatio
409 4433 439 4483 ll
502 4431 534 4481 23
550 4431 680 4482 subiecta
689 4432 731 4481 nl:
747 4432 886 4499 subjectis
899 4430 920 4481 A
985 4432 1016 4481 24
1034 4427 1049 4480 ὸ
1062 4430 1094 4480 30
1105 4429 1137 4479 Μ
1143 4446 1149 4479 :
1163 4434 1192 4479 at
1204 4425 1358 4491 trigintaA

212 4515 244 4565 25
260 4513 412 4581 poteritdl

346 4608 436 4658 Bnuxl,
454 4610 507 4658 epp.
525 4609 565 4646 lut.
581 4607 624 4646 Ill.
1170 4603 1194 4645 ll
