3488 5108
836 418 880 463 nn
900 420 1017 465 niori.
1442 406 1500 463 441

357 579 523 645 eveniunt
541 586 684 665 propter
702 577 872 644 occultam
892 579 1063 645 rationem
1083 579 1241 644 ultimam
1270 602 1359 665 quae
1388 589 1441 646 est
1467 579 1504 643 in

358 704 482 770 atomis
501 703 689 769 illiusmodi
718 704 821 789 ignis,
840 704 898 789 qui
918 704 969 769 ita
988 712 1040 769 est
1059 705 1194 769 activus
1216 708 1219 791 Ι
1241 705 1277 769 in
1297 726 1366 769 uno
1390 728 1433 769 ue
1458 706 1504 769 sit
1529 708 1619 771 ⁹70⁹
1634 708 1670 771 Ο

357 828 492 895 activus
511 828 548 894 in
568 828 644 894 alie.
666 826 836 893 Referunt
855 829 959 893 etiam
984 829 1118 894 laurum
1149 829 1225 895 ideo
1256 830 1504 916 imperatorum

357 962 392 1018 et
421 960 603 1040 poetarum
633 953 787 1039 insignia
815 976 887 1018 esse
910 960 945 1017 et
969 953 1136 1039 aquilam,
1163 954 1244 1038 quia
1264 954 1347 1019 haee
1365 954 1504 1039 fulgure

313 1076 334 1139 5
358 1099 535 1163 nunquam
557 1078 791 1163 attinguntur,
815 1085 984 1162 tanquam
1004 1079 1052 1143 ita
1070 1078 1227 1165 Apollini
1246 1087 1280 1144 ct
1299 1079 1373 1144 Iovi
1394 1079 1504 1144 amica

357 1210 462 1290 atque
481 1204 655 1291 principes
673 1210 779 1287 atqua
797 1210 928 1289 poetae.

449 1327 547 1406 Quod
567 1328 695 1392 attinet
714 1350 795 1393 vero
816 1327 859 1392 ad
889 1328 1059 1409 heminae,
1088 1329 1215 1414 ‹pribus
1243 1328 1403 1394 omnibns
1434 1351 1503 1394 non

358 1452 441 1519 item
459 1453 587 1518 accidit
606 1453 697 1538 quod
713 1453 766 1518 illi
786 1453 934 1540 puellae,
961 1462 1030 1518 stat
1057 1454 1145 1518 ratio
1177 1454 1215 1518 in
1246 1476 1285 1518 eo
1316 1453 1407 1539 quod
1435 1477 1503 1518 nen

358 1600 476 1644 omnes
492 1585 573 1644 sunt
593 1577 744 1642 eiusdem
761 1578 1008 1664 complexionis
1028 1588 1062 1643 et
1083 1579 1361 1664 terripierairicriti,
1380 1588 1415 1643 et
1429 1601 1506 1643 ean·

294 1705 336 1770 10
358 1702 435 1769 dem
455 1702 597 1790 spiritus
614 1704 818 1788 qualitatem
837 1703 1044 1785 admittunt;
1063 1720 1101 1770 ut
1119 1706 1222 1769 etiam
1240 1705 1275 1769 in
1296 1704 1504 1790 quibusdam

357 1828 439 1894 talis
461 1828 597 1893 animus
621 1828 725 1893 etiam
750 1829 881 1911 existit,
902 1838 941 1893 ut
960 1838 995 1895 et
1014 1830 1151 1915 pluvias
1175 1830 1379 1915 impediant,
1401 1829 1506 1915 impe-

357 1961 435 2019 rent
453 1954 566 2018 ventis
585 1960 620 2018 et
639 1954 716 2019 aliis
737 1955 1011 2040 tempestatibus.
1033 1956 1084 2019 lta
1106 1956 1211 2019 ctiam
1231 1954 1274 2019 ad
1295 1953 1503 2041 complexio·

358 2101 438 2144 nem
461 2078 634 2164 quandam
662 2079 842 2145 referenda
866 2088 947 2144 sunt
972 2080 1059 2146 mira
1079 2102 1166 2166 qliae
1192 2080 1355 2145 {recidunt
1376 2080 1410 2143 in
1437 2101 1506 2144 eor·

358 2204 514 2292 poribus,
546 2205 607 2270 ubi
632 2205 799 2291 quaedam
831 2216 912 2271 sunt
942 2229 983 2271 ex
1015 2206 1198 2293 privilegio
1224 2206 1330 2270 totius
1359 2206 1504 2291 speciei,

294 2327 335 2390 lli
359 2327 526 2415 quaedam
546 2352 627 2395 vero
646 2354 688 2395 ex
704 2337 797 2396 certa
815 2332 1075 2417 particularium
1091 2331 1350 2417 praerogativa,
1364 2342 1506 2417 proptor

359 2455 573 2521 differentias
592 2456 863 2522 innumerabiles
883 2480 971 2541 quae
991 2468 1072 2522 sunt
1090 2459 1125 2520 in
1145 2455 1224 2520 illis.

449 2581 491 2646 In
522 2581 650 2646 talibus
681 2605 762 2667 ergo
794 2592 867 2647 tum
897 2581 1074 2667 speciebus
1103 2590 1176 2645 tum
1208 2579 1397 2645 individuis
1428 2602 1506 2645 eon·

360 2709 575 2796 templantur
605 2709 699 2793 magi
725 2712 729 2791 l
756 2720 792 2773 ut
830 2709 998 2772 virtutum
1033 2709 1175 2772 eli'ectns
1206 2707 1436 2789 emendicent,
1470 2710 1687 2774 0r123rM

361 2833 497 2920 providi
532 2834 757 2921 imperatores
792 2857 861 2899 non
897 2834 1043 2908 nobiles,
1073 2833 1215 2916 anticos,
1248 2832 1505 2897 commendatos

294 2962 339 3025 ‘20
361 2967 581 3048 praeponunt
601 2961 808 3026 exercitibus
827 2968 861 3026 et
879 2961 1023 3026 militiae
1043 2959 1221 3024 ministros
1240 2959 1428 3033 asciscunt,
1448 2959 1506 3023 sed

362 3085 618 3161 fortunatiores,
639 3109 763 3170 eosque
782 3086 841 3172 qui
859 3086 942 3151 talia
955 3087 1106 3172 pericula
1123 3096 1378 3151 consueverunt
1398 3086 1507 3149 tortu·

362 3211 478 3275 natiue
496 3210 648 3275 ovatae.
666 3211 801 3275 Pariter
821 3234 841 3275 a
860 3211 1064 3295 quilmsdam
1083 3211 1212 3298 plantis
1230 3222 1264 3275 et
1280 3209 1506 3275 minernlilms

362 3360 423 3423 per
450 3336 708 3422 suspensionem
735 3348 770 3401 et
788 3338 1017 3421 gestationem
1039 3344 1073 3400 ct
1092 3336 1274 3401 aliusmodi
1306 3335 1506 3421 applicatio·

363 3485 441 3527 nem
461 3461 661 3527 existimant
681 3469 790 3527 certas
810 3464 1070 3548 praerogativas
1102 3462 1270 3525 virtut-um
1301 3461 1366 3525 sibi
1398 3460 1507 3524 onici-

371 3672 623 3682 .-——-----.-—
634 3672 643 3678 .
662 3672 729 3677 .---
746 3672 770 3678 ---
811 3672 818 3678 -
839 3670 923 3678 .—-.-
972 3673 999 3677 -.
1068 3670 1169 3677 -.—--—-
1203 3672 1215 3676 ..
1240 3668 1498 3675 ——----—-—.-..

457 3827 614 3876 lnltimam
631 3839 703 3891 quae
721 3824 911 3875 differentiam
926 3825 958 3879 (t.
976 3839 1048 3890 qliae
1066 3825 1106 3873 il!¹
1171 3824 1390 3887 nattingnntur
1407 3822 1437 3871 M
1443 3840 1449 3870 ε
1467 3830 1509 3872 at·

363 3911 524 3967 tanguntur
539 3907 571 3968 U,
585 3923 597 3954 c
611 3906 629 3954 l’
641 3907 649 3955 i
663 3905 676 3953 ὲ
689 3924 725 3955 ηπ
737 3906 783 3968 po’
793 3903 893 3954 incerto
905 3905 934 3954 in
949 3904 980 3953 Μ
1040 3907 1091 3953 so
1109 3920 1166 3954 non
1182 3920 1280 3954 omnes
1295 3911 1364 3952 sunt
1381 3902 1507 3952 eiusdem

362 3987 569 4052 complexionis
581 3986 623 4036 M:
638 4001 696 4035 non
714 3986 841 4037 eiusdem
858 3986 1066 4050 complexionis
1084 3992 1153 4035 sunt
1166 3999 1264 4034 omnes
1281 3984 1303 4034 0
1363 3985 1378 4031 a
1396 3990 1425 4031 st
1439 3988 1508 4033 tem·

363 4068 523 4134 paramenti
537 4083 586 4116 ons.
607 4068 628 4117 O
692 4069 722 4116 ltl
740 4066 963 4117 innumerabiles
984 4072 1079 4128 (sopra
1099 4064 1120 4113 s'l
1138 4065 1207 4130 ripe)
1224 4080 1294 4113 corr.
1312 4063 1357 4112 M:
1380 4079 1509 4112 numera·

363 4149 405 4198 les
429 4146 482 4198 cul
488 4151 494 4182 ¹
561 4150 591 4196 18
609 4164 663 4210 sqq.
691 4148 769 4196 Idem
794 4146 931 4195 indicium
956 4154 1001 4195 est
1023 4147 1099 4195 circa
1121 4144 1291 4194 conunercia
1314 4143 1461 4193 hominum
1479 4150 1508 4193 et

363 4229 541 4279 habitatores
557 4227 591 4292 (ἲ)
610 4235 638 4277 st
657 4244 705 4277 eos
722 4228 771 4292 qui
789 4228 818 4276 in
836 4236 1021 4290 conspectum
1042 4227 1224 4275 adducuntur
1239 4229 1268 4272 et
1282 4239 1330 4273 eos
1352 4224 1507 4283 (cancellato

363 4315 396 4359 ut
414 4310 492 4371 sign,
518 4325 535 4356 a
555 4314 654 4370 oriente
672 4307 786 4357 sembral
807 4308 836 4354 in
859 4322 981 4371 quorum
1003 4313 1187 4370 conspectum
1206 4312 1235 4355 et
1258 4305 1505 4353 conversationem

363 4389 544 4449 adducimur,
560 4398 591 4439 ut
608 4390 731 4449 figurate
750 4394 853 4437 notant
874 4393 985 4451 poetae,
1002 4386 1050 4435 ubi
1150 4421 1169 4434 ..
1192 4384 1342 4445 ingressus
1360 4388 1389 4433 ot
1409 4399 1506 4434 earum

365 4508 444 4521 ......
460 4486 522 4522 cum
537 4470 608 4535 ipsis
620 4470 761 4519 inducunt
773 4483 859 4533 morp.
874 4467 906 4516 a!

495 4564 570 4603 linum
586 4564 640 4613 Opp.
657 4565 697 4602 lot.
713 4563 755 4602 111.
1320 4557 1346 4597 56
