<?xml version="1.0" encoding="UTF-8"?>
<!DOCTYPE html PUBLIC "-//W3C//DTD XHTML 1.0 Transitional//EN"
    "http://www.w3.org/TR/xhtml1/DTD/xhtml1-transitional.dtd">
<html xmlns="http://www.w3.org/1999/xhtml" xml:lang="en" lang="en">
 <head>
  <title>
</title>
<meta http-equiv="Content-Type" content="text/html;charset=utf-8" />
  <meta name='ocr-system' content='tesseract 3.04.00' />
  <meta name='ocr-capabilities' content='ocr_page ocr_carea ocr_par ocr_line ocrx_word'/>
</head>
<body>
  <div class='ocr_page' id='page_1' title='image "./jordanibruninol05brungoog_0674.png"; bbox 0 0 3488 5108; ppageno 0'>
   <div class='ocr_carea' id='block_1_1' title="bbox 766 397 1513 459">
    <p class='ocr_par' dir='ltr' id='par_1_1' title="bbox 766 397 1513 459">
     <span class='ocr_line' id='line_1_1' title="bbox 766 397 1513 459; baseline 0.001 -4"><span class='ocrx_word' id='word_1_1' title='bbox 766 411 926 459; x_wconf 79' lang='lat' dir='ltr'>aan1claa</span> <span class='ocrx_word' id='word_1_2' title='bbox 948 412 1120 458; x_wconf 68' lang='lat' dir='ltr'>avinius.</span> <span class='ocrx_word' id='word_1_3' title='bbox 1454 397 1513 457; x_wconf 81' lang='lat'>607</span> 
     </span>
    </p>
   </div>
   <div class='ocr_carea' id='block_1_2' title="bbox 295 566 1621 3667">
    <p class='ocr_par' dir='ltr' id='par_1_2' title="bbox 301 566 1514 1787">
     <span class='ocr_line' id='line_1_2' title="bbox 366 566 1510 656; baseline -0.003 -22"><span class='ocrx_word' id='word_1_4' title='bbox 366 568 565 656; x_wconf 83' lang='lat' dir='ltr'>compositis</span> <span class='ocrx_word' id='word_1_5' title='bbox 594 568 700 634; x_wconf 91' lang='lat' dir='ltr'>habet</span> <span class='ocrx_word' id='word_1_6' title='bbox 727 567 855 654; x_wconf 85' lang='lat' dir='ltr'>gradus</span> <span class='ocrx_word' id='word_1_7' title='bbox 885 567 983 634; x_wconf 81' lang='lat' dir='ltr'>iuxta</span> <span class='ocrx_word' id='word_1_8' title='bbox 1012 567 1253 654; x_wconf 75' lang='lat' dir='ltr'>gradationem</span> <span class='ocrx_word' id='word_1_9' title='bbox 1287 566 1510 653; x_wconf 78' lang='lat' dir='ltr'><strong>qualitatum,</strong></span> 
     </span>
     <span class='ocr_line' id='line_1_3' title="bbox 367 692 1511 779; baseline -0.003 -17"><span class='ocrx_word' id='word_1_10' title='bbox 367 717 469 779; x_wconf 89' lang='lat' dir='ltr'>quam</span> <span class='ocrx_word' id='word_1_11' title='bbox 489 693 641 761; x_wconf 74' lang='lat' dir='ltr'><strong>ostendit</strong></span> <span class='ocrx_word' id='word_1_12' title='bbox 670 694 782 779; x_wconf 86' lang='lat' dir='ltr'>figura</span> <span class='ocrx_word' id='word_1_13' title='bbox 813 693 1018 775; x_wconf 73' lang='lat' dir='ltr'>medicinae,</span> <span class='ocrx_word' id='word_1_14' title='bbox 1039 693 1261 761; x_wconf 76' lang='lat' dir='ltr'>discurrendo</span> <span class='ocrx_word' id='word_1_15' title='bbox 1284 692 1446 759; x_wconf 88' lang='lat' dir='ltr'>videlieet</span> <span class='ocrx_word' id='word_1_16' title='bbox 1477 698 1511 758; x_wconf 89' lang='lat' dir='ltr'>et</span> 
     </span>
     <span class='ocr_line' id='line_1_4' title="bbox 366 820 1512 908; baseline -0.001 -22"><span class='ocrx_word' id='word_1_17' title='bbox 366 820 607 888; x_wconf 82' lang='lat' dir='ltr'>circumeundo</span> <span class='ocrx_word' id='word_1_18' title='bbox 627 827 725 908; x_wconf 87' lang='lat' dir='ltr'>patet</span> <span class='ocrx_word' id='word_1_19' title='bbox 744 820 858 907; x_wconf 88' lang='lat' dir='ltr'>prima</span> <span class='ocrx_word' id='word_1_20' title='bbox 877 842 938 907; x_wconf 90' lang='lat' dir='ltr'>per</span> <span class='ocrx_word' id='word_1_21' title='bbox 961 820 1111 907; x_wconf 84' lang='lat' dir='ltr'>primam</span> <span class='ocrx_word' id='word_1_22' title='bbox 1134 820 1405 902; x_wconf 62' lang='lat' dir='ltr'>circulationem</span> <span class='ocrx_word' id='word_1_23' title='bbox 1430 843 1512 886; x_wconf 91' lang='lat' dir='ltr'>nam</span> 
     </span>
     <span class='ocr_line' id='line_1_5' title="bbox 365 945 1512 1032; baseline -0.002 -19"><span class='ocrx_word' id='word_1_24' title='bbox 365 947 487 1013; x_wconf 85' lang='lat' dir='ltr'>domus</span> <span class='ocrx_word' id='word_1_25' title='bbox 501 945 564 1013; x_wconf 83' lang='grc' dir='ltr'>ΑΕ</span> <span class='ocrx_word' id='word_1_26' title='bbox 577 947 640 1030; x_wconf 84' lang='lat' dir='ltr'>[est</span> <span class='ocrx_word' id='word_1_27' title='bbox 653 948 759 1031; x_wconf 69' lang='lat' dir='ltr'>sana]</span> <span class='ocrx_word' id='word_1_28' title='bbox 772 967 892 1010; x_wconf 88' lang='lat' dir='ltr'>sanam</span> <span class='ocrx_word' id='word_1_29' title='bbox 906 952 1024 1011; x_wconf 87' lang='lat' dir='ltr'>causat</span> <span class='ocrx_word' id='word_1_30' title='bbox 1037 945 1183 1029; x_wconf 90' lang='lat' dir='ltr'>urinam,</span> <span class='ocrx_word' id='word_1_31' title='bbox 1195 952 1236 1011; x_wconf 92' lang='lat' dir='ltr'>ut</span> <span class='ocrx_word' id='word_1_32' title='bbox 1248 945 1378 1032; x_wconf 83' lang='lat' dir='ltr'>legitur</span> <span class='ocrx_word' id='word_1_33' title='bbox 1391 945 1427 1010; x_wconf 93' lang='lat' dir='ltr'>in</span> <span class='ocrx_word' id='word_1_34' title='bbox 1440 947 1512 1011; x_wconf 90' lang='lat' dir='ltr'>eius</span> 
     </span>
     <span class='ocr_line' id='line_1_6' title="bbox 324 1067 1514 1158; baseline -0.002 -20"><span class='ocrx_word' id='word_1_35' title='bbox 324 1067 344 1130; x_wconf 82' lang='lat'>5</span> <span class='ocrx_word' id='word_1_36' title='bbox 367 1072 494 1154; x_wconf 85' lang='lat' dir='ltr'>eolore;</span> <span class='ocrx_word' id='word_1_37' title='bbox 511 1069 561 1137; x_wconf 89' lang='lat' dir='ltr'>ita</span> <span class='ocrx_word' id='word_1_38' title='bbox 580 1069 674 1137; x_wconf 88' lang='lat' dir='ltr'>enim</span> <span class='ocrx_word' id='word_1_39' title='bbox 693 1069 785 1138; x_wconf 86' lang='lat' dir='ltr'>color</span> <span class='ocrx_word' id='word_1_40' title='bbox 807 1071 928 1136; x_wconf 88' lang='lat' dir='ltr'>urinae</span> <span class='ocrx_word' id='word_1_41' title='bbox 947 1092 1044 1136; x_wconf 89' lang='lat' dir='ltr'>suam</span> <span class='ocrx_word' id='word_1_42' title='bbox 1059 1071 1236 1158; x_wconf 85' lang='lat' dir='ltr'>regionem</span> <span class='ocrx_word' id='word_1_43' title='bbox 1255 1077 1290 1138; x_wconf 91' lang='lat' dir='ltr'>et</span> <span class='ocrx_word' id='word_1_44' title='bbox 1310 1093 1449 1138; x_wconf 85' lang='lat' dir='ltr'>eausam</span> <span class='ocrx_word' id='word_1_45' title='bbox 1464 1093 1514 1136; x_wconf 76' lang='lat' dir='ltr'>re</span> 
     </span>
     <span class='ocr_line' id='line_1_7' title="bbox 364 1194 1513 1284; baseline -0.002 -21"><span class='ocrx_word' id='word_1_46' title='bbox 364 1201 572 1284; x_wconf 87' lang='lat' dir='ltr'>praesentat,</span> <span class='ocrx_word' id='word_1_47' title='bbox 593 1194 683 1263; x_wconf 87' lang='lat' dir='ltr'>sieut</span> <span class='ocrx_word' id='word_1_48' title='bbox 700 1195 812 1262; x_wconf 86' lang='lat' dir='ltr'>omnis</span> <span class='ocrx_word' id='word_1_49' title='bbox 829 1194 972 1262; x_wconf 85' lang='lat' dir='ltr'>effeetus</span> <span class='ocrx_word' id='word_1_50' title='bbox 988 1218 1085 1262; x_wconf 89' lang='lat' dir='ltr'>suam</span> <span class='ocrx_word' id='word_1_51' title='bbox 1105 1218 1243 1263; x_wconf 87' lang='lat' dir='ltr'>eausam</span> <span class='ocrx_word' id='word_1_52' title='bbox 1255 1203 1290 1262; x_wconf 94' lang='lat' dir='ltr'>et</span> <span class='ocrx_word' id='word_1_53' title='bbox 1305 1194 1427 1262; x_wconf 86' lang='lat' dir='ltr'>locum.</span> <span class='ocrx_word' id='word_1_54' title='bbox 1449 1196 1513 1262; x_wconf 83' lang='lat' dir='ltr'>Est</span> 
     </span>
     <span class='ocr_line' id='line_1_8' title="bbox 365 1320 1511 1409; baseline -0.003 -19"><span class='ocrx_word' id='word_1_55' title='bbox 365 1322 458 1390; x_wconf 89' lang='lat' dir='ltr'>enim</span> <span class='ocrx_word' id='word_1_56' title='bbox 477 1321 569 1388; x_wconf 82' lang='lat' dir='ltr'>color</span> <span class='ocrx_word' id='word_1_57' title='bbox 581 1322 654 1389; x_wconf 87' lang='lat' dir='ltr'>eius</span> <span class='ocrx_word' id='word_1_58' title='bbox 665 1320 800 1388; x_wconf 82' lang='lat' dir='ltr'>lucidus</span> <span class='ocrx_word' id='word_1_59' title='bbox 817 1329 852 1389; x_wconf 90' lang='lat' dir='ltr'>et</span> <span class='ocrx_word' id='word_1_60' title='bbox 868 1344 991 1389; x_wconf 87' lang='lat' dir='ltr'>aureus</span> <span class='ocrx_word' id='word_1_61' title='bbox 1009 1345 1071 1409; x_wconf 90' lang='lat' dir='ltr'>per</span> <span class='ocrx_word' id='word_1_62' title='bbox 1086 1323 1234 1390; x_wconf 83' lang='lat' dir='ltr'>colorem</span> <span class='ocrx_word' id='word_1_63' title='bbox 1248 1321 1340 1408; x_wconf 82' lang='lat' dir='ltr'>ignia</span> <span class='ocrx_word' id='word_1_64' title='bbox 1356 1329 1391 1387; x_wconf 90' lang='lat' dir='ltr'>et</span> <span class='ocrx_word' id='word_1_65' title='bbox 1407 1322 1511 1405; x_wconf 67' lang='lat' dir='ltr'>atris,</span> 
     </span>
     <span class='ocr_line' id='line_1_9' title="bbox 365 1447 1513 1534; baseline -0.002 -20"><span class='ocrx_word' id='word_1_66' title='bbox 365 1448 402 1514; x_wconf 94' lang='lat' dir='ltr'>in</span> <span class='ocrx_word' id='word_1_67' title='bbox 429 1447 555 1534; x_wconf 88' lang='lat' dir='ltr'>quibus</span> <span class='ocrx_word' id='word_1_68' title='bbox 579 1470 692 1534; x_wconf 90' lang='lat' dir='ltr'>neque</span> <span class='ocrx_word' id='word_1_69' title='bbox 711 1468 821 1533; x_wconf 89' lang='lat' dir='ltr'>aquae</span> <span class='ocrx_word' id='word_1_70' title='bbox 846 1447 976 1514; x_wconf 85' lang='lat' dir='ltr'>colores</span> <span class='ocrx_word' id='word_1_71' title='bbox 994 1470 1106 1534; x_wconf 88' lang='lat' dir='ltr'>neque</span> <span class='ocrx_word' id='word_1_72' title='bbox 1125 1454 1236 1516; x_wconf 87' lang='lat' dir='ltr'>terrae</span> <span class='ocrx_word' id='word_1_73' title='bbox 1256 1454 1440 1534; x_wconf 86' lang='lat' dir='ltr'>apparent,</span> <span class='ocrx_word' id='word_1_74' title='bbox 1461 1470 1513 1513; x_wconf 75' lang='lat' dir='ltr'>ra</span> 
     </span>
     <span class='ocr_line' id='line_1_10' title="bbox 365 1571 1512 1658; baseline -0.002 -19"><span class='ocrx_word' id='word_1_75' title='bbox 365 1573 460 1639; x_wconf 90' lang='lat' dir='ltr'>tione</span> <span class='ocrx_word' id='word_1_76' title='bbox 489 1572 676 1640; x_wconf 69' lang='lat' dir='ltr'>distantiae</span> <span class='ocrx_word' id='word_1_77' title='bbox 705 1594 810 1658; x_wconf 89' lang='lat' dir='ltr'>quam</span> <span class='ocrx_word' id='word_1_78' title='bbox 829 1571 936 1640; x_wconf 89' lang='lat' dir='ltr'>habet</span> <span class='ocrx_word' id='word_1_79' title='bbox 955 1572 1075 1640; x_wconf 87' lang='lat' dir='ltr'>domus</span> <span class='ocrx_word' id='word_1_80' title='bbox 1094 1573 1158 1640; x_wconf 82' lang='grc' dir='ltr'>ΑΕ</span> <span class='ocrx_word' id='word_1_81' title='bbox 1181 1572 1322 1640; x_wconf 90' lang='lat' dir='ltr'>adomo</span> <span class='ocrx_word' id='word_1_82' title='bbox 1354 1572 1415 1638; x_wconf 84' lang='lat' dir='ltr'>OG</span> <span class='ocrx_word' id='word_1_83' title='bbox 1445 1571 1512 1639; x_wconf 83' lang='lat' dir='ltr'>sibi</span> 
     </span>
     <span class='ocr_line' id='line_1_11' title="bbox 301 1698 534 1787; baseline -0.03 -16"><span class='ocrx_word' id='word_1_84' title='bbox 301 1707 344 1770; x_wconf 91' lang='lat'>10</span> <span class='ocrx_word' id='word_1_85' title='bbox 366 1698 534 1787; x_wconf 88' lang='lat' dir='ltr'>opposita.</span> 
     </span>
    </p>

    <p class='ocr_par' dir='ltr' id='par_1_3' title="bbox 363 1820 1513 2287">
     <span class='ocr_line' id='line_1_12' title="bbox 453 1820 1513 1912; baseline -0.001 -23"><span class='ocrx_word' id='word_1_86' title='bbox 453 1823 521 1891; x_wconf 85' lang='lat' dir='ltr'>Sed</span> <span class='ocrx_word' id='word_1_87' title='bbox 552 1823 583 1891; x_wconf 88' lang='lat' dir='ltr'>si</span> <span class='ocrx_word' id='word_1_88' title='bbox 612 1846 675 1912; x_wconf 92' lang='lat' dir='ltr'>per</span> <span class='ocrx_word' id='word_1_89' title='bbox 704 1823 946 1889; x_wconf 89' lang='lat' dir='ltr'>infirmitatem</span> <span class='ocrx_word' id='word_1_90' title='bbox 974 1820 1120 1889; x_wconf 90' lang='lat' dir='ltr'>alterata</span> <span class='ocrx_word' id='word_1_91' title='bbox 1150 1828 1202 1888; x_wconf 90' lang='lat' dir='ltr'>est</span> <span class='ocrx_word' id='word_1_92' title='bbox 1232 1820 1293 1887; x_wconf 92' lang='lat' dir='ltr'>illa</span> <span class='ocrx_word' id='word_1_93' title='bbox 1324 1821 1445 1888; x_wconf 87' lang='lat' dir='ltr'>domus</span> <span class='ocrx_word' id='word_1_94' title='bbox 1470 1844 1513 1888; x_wconf 85' lang='lat' dir='ltr'>ex</span> 
     </span>
     <span class='ocr_line' id='line_1_13' title="bbox 363 1946 1511 2038; baseline -0.003 -23"><span class='ocrx_word' id='word_1_95' title='bbox 363 1949 600 2038; x_wconf 89' lang='lat' dir='ltr'>praedominio</span> <span class='ocrx_word' id='word_1_96' title='bbox 625 1949 822 2036; x_wconf 85' lang='lat' dir='ltr'>sanguinis,</span> <span class='ocrx_word' id='word_1_97' title='bbox 844 1953 1070 2035; x_wconf 82' lang='lat' dir='ltr'>cognoscetur</span> <span class='ocrx_word' id='word_1_98' title='bbox 1104 1947 1141 2013; x_wconf 89' lang='lat' dir='ltr'>in</span> <span class='ocrx_word' id='word_1_99' title='bbox 1174 1947 1286 2012; x_wconf 86' lang='lat' dir='ltr'>colore</span> <span class='ocrx_word' id='word_1_100' title='bbox 1312 1946 1511 2033; x_wconf 84' lang='lat' dir='ltr'>sanguinea.</span> 
     </span>
     <span class='ocr_line' id='line_1_14' title="bbox 366 2071 1513 2161; baseline -0.003 -19"><span class='ocrx_word' id='word_1_101' title='bbox 366 2075 477 2142; x_wconf 89' lang='lat' dir='ltr'>Urina</span> <span class='ocrx_word' id='word_1_102' title='bbox 493 2076 585 2142; x_wconf 91' lang='lat' dir='ltr'>enim</span> <span class='ocrx_word' id='word_1_103' title='bbox 604 2082 656 2142; x_wconf 87' lang='lat' dir='ltr'>est</span> <span class='ocrx_word' id='word_1_104' title='bbox 674 2075 780 2141; x_wconf 89' lang='lat' dir='ltr'>rubra</span> <span class='ocrx_word' id='word_1_105' title='bbox 796 2081 832 2140; x_wconf 90' lang='lat' dir='ltr'>et</span> <span class='ocrx_word' id='word_1_106' title='bbox 847 2074 958 2161; x_wconf 87' lang='lat' dir='ltr'>spissa</span> <span class='ocrx_word' id='word_1_107' title='bbox 973 2072 1011 2138; x_wconf 90' lang='lat' dir='ltr'>in</span> <span class='ocrx_word' id='word_1_108' title='bbox 1030 2071 1241 2154; x_wconf 83' lang='lat' dir='ltr'>substantia,</span> <span class='ocrx_word' id='word_1_109' title='bbox 1262 2078 1298 2137; x_wconf 90' lang='lat' dir='ltr'>et</span> <span class='ocrx_word' id='word_1_110' title='bbox 1314 2072 1396 2157; x_wconf 91' lang='lat' dir='ltr'>quia</span> <span class='ocrx_word' id='word_1_111' title='bbox 1411 2073 1444 2138; x_wconf 99' lang='lat' dir='ltr'><strong>A</strong></span> <span class='ocrx_word' id='word_1_112' title='bbox 1460 2078 1513 2138; x_wconf 87' lang='lat' dir='ltr'>est</span> 
     </span>
     <span class='ocr_line' id='line_1_15' title="bbox 364 2196 1511 2287; baseline -0.001 -23"><span class='ocrx_word' id='word_1_113' title='bbox 364 2206 484 2266; x_wconf 88' lang='lat' dir='ltr'>eontra</span> <span class='ocrx_word' id='word_1_114' title='bbox 502 2199 543 2284; x_wconf 80' lang='lat' dir='ltr'>O,</span> <span class='ocrx_word' id='word_1_115' title='bbox 567 2222 638 2266; x_wconf 93' lang='lat' dir='ltr'>non</span> <span class='ocrx_word' id='word_1_116' title='bbox 666 2205 781 2287; x_wconf 88' lang='lat' dir='ltr'>potest</span> <span class='ocrx_word' id='word_1_117' title='bbox 804 2199 829 2264; x_wconf 81' lang='grc' dir='ltr'>Ο</span> <span class='ocrx_word' id='word_1_118' title='bbox 854 2222 926 2266; x_wconf 89' lang='lat' dir='ltr'>esse</span> <span class='ocrx_word' id='word_1_119' title='bbox 956 2197 1150 2264; x_wconf 83' lang='lat' dir='ltr'>subiectum</span> <span class='ocrx_word' id='word_1_120' title='bbox 1177 2196 1511 2286; x_wconf 86' lang='lat' dir='ltr'>repraesentativum</span> 
     </span>
    </p>

    <p class='ocr_par' dir='ltr' id='par_1_4' title="bbox 299 2324 1621 2919">
     <span class='ocr_line' id='line_1_16' title="bbox 299 2324 1510 2416; baseline -0.004 -21"><span class='ocrx_word' id='word_1_121' title='bbox 299 2332 340 2395; x_wconf 79' lang='lat'>15</span> <span class='ocrx_word' id='word_1_122' title='bbox 363 2326 555 2415; x_wconf 88' lang='lat' dir='ltr'>splendoris</span> <span class='ocrx_word' id='word_1_123' title='bbox 574 2327 683 2414; x_wconf 84' lang='lat' dir='ltr'>ipsius</span> <span class='ocrx_word' id='word_1_124' title='bbox 702 2328 746 2409; x_wconf 86' lang='lat' dir='ltr'>B,</span> <span class='ocrx_word' id='word_1_125' title='bbox 768 2350 831 2393; x_wconf 89' lang='lat' dir='ltr'>nee</span> <span class='ocrx_word' id='word_1_126' title='bbox 851 2326 880 2391; x_wconf 91' lang='lat' dir='ltr'>B</span> <span class='ocrx_word' id='word_1_127' title='bbox 904 2332 1020 2416; x_wconf 87' lang='lat' dir='ltr'>potest</span> <span class='ocrx_word' id='word_1_128' title='bbox 1043 2324 1265 2392; x_wconf 87' lang='lat' dir='ltr'>manifestare</span> <span class='ocrx_word' id='word_1_129' title='bbox 1292 2324 1510 2412; x_wconf 87' lang='lat' dir='ltr'>nigredinem</span> 
     </span>
     <span class='ocr_line' id='line_1_17' title="bbox 363 2449 1511 2540; baseline 0 -24"><span class='ocrx_word' id='word_1_130' title='bbox 363 2452 471 2540; x_wconf 85' lang='lat' dir='ltr'>ipsius</span> <span class='ocrx_word' id='word_1_131' title='bbox 491 2451 530 2536; x_wconf 77' lang='lat'>03</span> <span class='ocrx_word' id='word_1_132' title='bbox 548 2452 625 2519; x_wconf 91' lang='lat' dir='ltr'>ideo</span> <span class='ocrx_word' id='word_1_133' title='bbox 643 2453 682 2518; x_wconf 91' lang='lat' dir='ltr'>in</span> <span class='ocrx_word' id='word_1_134' title='bbox 711 2451 879 2519; x_wconf 88' lang='lat' dir='ltr'>rubedine</span> <span class='ocrx_word' id='word_1_135' title='bbox 904 2450 1161 2518; x_wconf 89' lang='lat' dir='ltr'>demonstratur</span> <span class='ocrx_word' id='word_1_136' title='bbox 1179 2450 1212 2515; x_wconf 89' lang='lat' dir='ltr'><strong>A</strong></span> <span class='ocrx_word' id='word_1_137' title='bbox 1230 2449 1268 2515; x_wconf 91' lang='lat' dir='ltr'>in</span> <span class='ocrx_word' id='word_1_138' title='bbox 1292 2449 1404 2516; x_wconf 83' lang='lat' dir='ltr'>colore</span> <span class='ocrx_word' id='word_1_139' title='bbox 1422 2450 1511 2516; x_wconf 90' lang='lat' dir='ltr'>etin</span> 
     </span>
     <span class='ocr_line' id='line_1_18' title="bbox 363 2572 1621 2661; baseline -0.002 -19"><span class='ocrx_word' id='word_1_140' title='bbox 363 2576 523 2661; x_wconf 90' lang='lat' dir='ltr'>materia,</span> <span class='ocrx_word' id='word_1_141' title='bbox 550 2577 580 2641; x_wconf 95' lang='lat' dir='ltr'><strong>B</strong></span> <span class='ocrx_word' id='word_1_142' title='bbox 609 2599 690 2643; x_wconf 90' lang='lat' dir='ltr'>vero</span> <span class='ocrx_word' id='word_1_143' title='bbox 715 2576 973 2644; x_wconf 88' lang='lat' dir='ltr'>demonstratur</span> <span class='ocrx_word' id='word_1_144' title='bbox 998 2583 1136 2643; x_wconf 87' lang='lat' dir='ltr'>tantum</span> <span class='ocrx_word' id='word_1_145' title='bbox 1161 2575 1198 2641; x_wconf 91' lang='lat' dir='ltr'>in</span> <span class='ocrx_word' id='word_1_146' title='bbox 1220 2574 1374 2641; x_wconf 89' lang='lat' dir='ltr'>materia.</span> <span class='ocrx_word' id='word_1_147' title='bbox 1395 2575 1510 2660; x_wconf 89' lang='lat' dir='ltr'>Unde,</span> <span class='ocrx_word' id='word_1_148' title='bbox 1617 2572 1621 2580; x_wconf 80' lang='grc'><strong>’</strong></span> 
     </span>
     <span class='ocr_line' id='line_1_19' title="bbox 362 2700 1511 2791; baseline 0.001 -25"><span class='ocrx_word' id='word_1_149' title='bbox 362 2700 392 2766; x_wconf 87' lang='lat' dir='ltr'>si</span> <span class='ocrx_word' id='word_1_150' title='bbox 409 2700 445 2766; x_wconf 89' lang='lat' dir='ltr'>id</span> <span class='ocrx_word' id='word_1_151' title='bbox 464 2702 552 2768; x_wconf 86' lang='lat' dir='ltr'>bene</span> <span class='ocrx_word' id='word_1_152' title='bbox 570 2702 801 2791; x_wconf 86' lang='lat' dir='ltr'>percipiatur,</span> <span class='ocrx_word' id='word_1_153' title='bbox 819 2702 1018 2769; x_wconf 87' lang='lat' dir='ltr'>invenietur</span> <span class='ocrx_word' id='word_1_154' title='bbox 1036 2703 1068 2766; x_wconf 93' lang='lat' dir='ltr'><strong>A</strong></span> <span class='ocrx_word' id='word_1_155' title='bbox 1087 2701 1214 2767; x_wconf 89' lang='lat' dir='ltr'>habere</span> <span class='ocrx_word' id='word_1_156' title='bbox 1232 2700 1262 2765; x_wconf 94' lang='lat' dir='ltr'><strong>B</strong></span> <span class='ocrx_word' id='word_1_157' title='bbox 1282 2701 1345 2767; x_wconf 87' lang='lat' dir='ltr'>sub</span> <span class='ocrx_word' id='word_1_158' title='bbox 1365 2724 1414 2785; x_wconf 85' lang='lat' dir='ltr'>se,</span> <span class='ocrx_word' id='word_1_159' title='bbox 1433 2723 1511 2786; x_wconf 88' lang='lat' dir='ltr'>qua·</span> 
     </span>
     <span class='ocr_line' id='line_1_20' title="bbox 362 2826 1508 2919; baseline 0 -28"><span class='ocrx_word' id='word_1_160' title='bbox 362 2832 463 2893; x_wconf 89' lang='lat' dir='ltr'>tenus</span> <span class='ocrx_word' id='word_1_161' title='bbox 479 2827 517 2893; x_wconf 90' lang='lat' dir='ltr'>in</span> <span class='ocrx_word' id='word_1_162' title='bbox 536 2829 636 2894; x_wconf 88' lang='lat' dir='ltr'>urina</span> <span class='ocrx_word' id='word_1_163' title='bbox 655 2826 715 2919; x_wconf 83' lang='lat' dir='ltr'>(A)</span> <span class='ocrx_word' id='word_1_164' title='bbox 734 2851 796 2916; x_wconf 91' lang='lat' dir='ltr'>per</span> <span class='ocrx_word' id='word_1_165' title='bbox 817 2828 965 2894; x_wconf 86' lang='lat' dir='ltr'>colorem</span> <span class='ocrx_word' id='word_1_166' title='bbox 983 2835 1018 2894; x_wconf 89' lang='lat' dir='ltr'>et</span> <span class='ocrx_word' id='word_1_167' title='bbox 1037 2826 1218 2894; x_wconf 86' lang='lat' dir='ltr'>materiam</span> <span class='ocrx_word' id='word_1_168' title='bbox 1237 2826 1508 2911; x_wconf 86' lang='lat' dir='ltr'>demonstratur,</span> 
     </span>
    </p>

    <p class='ocr_par' dir='ltr' id='par_1_5' title="bbox 295 2951 1510 3542">
     <span class='ocr_line' id='line_1_21' title="bbox 295 2951 1509 3040; baseline -0.002 -20"><span class='ocrx_word' id='word_1_169' title='bbox 295 2958 340 3020; x_wconf 84' lang='lat'>20</span> <span class='ocrx_word' id='word_1_170' title='bbox 362 2951 392 3017; x_wconf 91' lang='lat' dir='ltr'><strong>B</strong></span> <span class='ocrx_word' id='word_1_171' title='bbox 409 2975 490 3019; x_wconf 88' lang='lat' dir='ltr'>vero</span> <span class='ocrx_word' id='word_1_172' title='bbox 506 2952 761 3020; x_wconf 88' lang='lat' dir='ltr'>demonstratur</span> <span class='ocrx_word' id='word_1_173' title='bbox 774 2953 884 3020; x_wconf 88' lang='lat' dir='ltr'>solum</span> <span class='ocrx_word' id='word_1_174' title='bbox 896 2976 958 3040; x_wconf 87' lang='lat' dir='ltr'>per</span> <span class='ocrx_word' id='word_1_175' title='bbox 974 2952 1153 3019; x_wconf 88' lang='lat' dir='ltr'>materiam</span> <span class='ocrx_word' id='word_1_176' title='bbox 1167 2981 1185 3020; x_wconf 68' lang='lat' dir='ltr'>a</span> <span class='ocrx_word' id='word_1_177' title='bbox 1212 2981 1229 3019; x_wconf 70' lang='lat' dir='ltr'>a</span> <span class='ocrx_word' id='word_1_178' title='bbox 1257 2981 1274 3019; x_wconf 74' lang='lat' dir='ltr'>a</span> <span class='ocrx_word' id='word_1_179' title='bbox 1301 2974 1343 3017; x_wconf 85' lang='lat' dir='ltr'>ex</span> <span class='ocrx_word' id='word_1_180' title='bbox 1354 2951 1509 3018; x_wconf 87' lang='lat' dir='ltr'>dominio</span> 
     </span>
     <span class='ocr_line' id='line_1_22' title="bbox 362 3077 1509 3165; baseline -0.001 -23"><span class='ocrx_word' id='word_1_181' title='bbox 362 3077 406 3142; x_wconf 90' lang='lat' dir='ltr'>ab</span> <span class='ocrx_word' id='word_1_182' title='bbox 425 3077 500 3165; x_wconf 86' lang='lat' dir='ltr'>ipso</span> <span class='ocrx_word' id='word_1_183' title='bbox 520 3078 549 3144; x_wconf 95' lang='lat' dir='ltr'><strong>B</strong></span> <span class='ocrx_word' id='word_1_184' title='bbox 568 3085 726 3164; x_wconf 84' lang='lat' dir='ltr'>causata,</span> <span class='ocrx_word' id='word_1_185' title='bbox 752 3077 997 3144; x_wconf 85' lang='lat' dir='ltr'>manifestatur</span> <span class='ocrx_word' id='word_1_186' title='bbox 1016 3077 1045 3143; x_wconf 94' lang='lat' dir='ltr'><strong>B</strong></span> <span class='ocrx_word' id='word_1_187' title='bbox 1063 3078 1102 3143; x_wconf 90' lang='lat' dir='ltr'>in</span> <span class='ocrx_word' id='word_1_188' title='bbox 1120 3077 1265 3145; x_wconf 89' lang='lat' dir='ltr'>materia</span> <span class='ocrx_word' id='word_1_189' title='bbox 1293 3084 1328 3143; x_wconf 91' lang='lat' dir='ltr'>et</span> <span class='ocrx_word' id='word_1_190' title='bbox 1357 3078 1509 3160; x_wconf 82' lang='lat' dir='ltr'>virtute,</span> 
     </span>
     <span class='ocr_line' id='line_1_23' title="bbox 362 3201 1508 3290; baseline 0.003 -25"><span class='ocrx_word' id='word_1_191' title='bbox 362 3201 393 3265; x_wconf 94' lang='lat' dir='ltr'>D</span> <span class='ocrx_word' id='word_1_192' title='bbox 415 3226 494 3269; x_wconf 90' lang='lat' dir='ltr'>vero</span> <span class='ocrx_word' id='word_1_193' title='bbox 513 3203 770 3270; x_wconf 89' lang='lat' dir='ltr'>demonstratur</span> <span class='ocrx_word' id='word_1_194' title='bbox 789 3202 900 3270; x_wconf 88' lang='lat' dir='ltr'>solum</span> <span class='ocrx_word' id='word_1_195' title='bbox 924 3203 962 3269; x_wconf 91' lang='lat' dir='ltr'>in</span> <span class='ocrx_word' id='word_1_196' title='bbox 985 3203 1144 3287; x_wconf 85' lang='lat' dir='ltr'>materia,</span> <span class='ocrx_word' id='word_1_197' title='bbox 1166 3226 1254 3290; x_wconf 91' lang='lat' dir='ltr'>quae</span> <span class='ocrx_word' id='word_1_198' title='bbox 1273 3208 1326 3268; x_wconf 90' lang='lat' dir='ltr'>est</span> <span class='ocrx_word' id='word_1_199' title='bbox 1345 3202 1456 3290; x_wconf 88' lang='lat' dir='ltr'>spissa</span> <span class='ocrx_word' id='word_1_200' title='bbox 1474 3208 1508 3268; x_wconf 89' lang='lat' dir='ltr'>et</span> 
     </span>
     <span class='ocr_line' id='line_1_24' title="bbox 362 3326 1509 3416; baseline -0.002 -23"><span class='ocrx_word' id='word_1_201' title='bbox 362 3335 414 3393; x_wconf 89' lang='lat' dir='ltr'>est</span> <span class='ocrx_word' id='word_1_202' title='bbox 443 3327 636 3394; x_wconf 85' lang='lat' dir='ltr'>subiectum</span> <span class='ocrx_word' id='word_1_203' title='bbox 665 3328 733 3416; x_wconf 90' lang='lat' dir='ltr'>ipsi</span> <span class='ocrx_word' id='word_1_204' title='bbox 757 3328 798 3396; x_wconf 84' lang='lat' dir='ltr'>A.</span> <span class='ocrx_word' id='word_1_205' title='bbox 824 3329 906 3396; x_wconf 91' lang='lat' dir='ltr'>Ideo</span> <span class='ocrx_word' id='word_1_206' title='bbox 925 3328 1005 3394; x_wconf 90' lang='lat' dir='ltr'>talis</span> <span class='ocrx_word' id='word_1_207' title='bbox 1023 3329 1125 3395; x_wconf 90' lang='lat' dir='ltr'>urina</span> <span class='ocrx_word' id='word_1_208' title='bbox 1153 3337 1204 3395; x_wconf 92' lang='lat' dir='ltr'>est</span> <span class='ocrx_word' id='word_1_209' title='bbox 1231 3329 1337 3395; x_wconf 90' lang='lat' dir='ltr'>rubra</span> <span class='ocrx_word' id='word_1_210' title='bbox 1367 3335 1401 3393; x_wconf 90' lang='lat' dir='ltr'>et</span> <span class='ocrx_word' id='word_1_211' title='bbox 1426 3326 1509 3413; x_wconf 83' lang='lat' dir='ltr'>spis·</span> 
     </span>
     <span class='ocr_line' id='line_1_25' title="bbox 362 3452 1510 3542; baseline 0 -25"><span class='ocrx_word' id='word_1_212' title='bbox 362 3475 409 3518; x_wconf 88' lang='lat' dir='ltr'>sa.</span> <span class='ocrx_word' id='word_1_213' title='bbox 433 3454 486 3517; x_wconf 82' lang='lat' dir='ltr'>Ex</span> <span class='ocrx_word' id='word_1_214' title='bbox 515 3475 581 3539; x_wconf 89' lang='lat' dir='ltr'>quo</span> <span class='ocrx_word' id='word_1_215' title='bbox 610 3454 820 3542; x_wconf 78' lang='lat' dir='ltr'>intelligitur</span> <span class='ocrx_word' id='word_1_216' title='bbox 851 3454 1000 3540; x_wconf 91' lang='lat' dir='ltr'>qualiter</span> <span class='ocrx_word' id='word_1_217' title='bbox 1035 3454 1203 3520; x_wconf 87' lang='lat' dir='ltr'>elementa</span> <span class='ocrx_word' id='word_1_218' title='bbox 1232 3452 1510 3519; x_wconf 83' lang='lat' dir='ltr'>diversificantur</span> 
     </span>
    </p>

    <p class='ocr_par' dir='ltr' id='par_1_6' title="bbox 295 3578 1509 3667">
     <span class='ocr_line' id='line_1_26' title="bbox 295 3578 1509 3667; baseline -0.001 -23"><span class='ocrx_word' id='word_1_219' title='bbox 295 3578 339 3644; x_wconf 80' lang='lat'>25</span> <span class='ocrx_word' id='word_1_220' title='bbox 363 3584 438 3644; x_wconf 89' lang='lat' dir='ltr'>tum</span> <span class='ocrx_word' id='word_1_221' title='bbox 454 3578 689 3645; x_wconf 90' lang='lat' dir='ltr'>materiatum</span> <span class='ocrx_word' id='word_1_222' title='bbox 708 3579 846 3646; x_wconf 85' lang='lat' dir='ltr'>virtute.</span> <span class='ocrx_word' id='word_1_223' title='bbox 866 3578 978 3647; x_wconf 87' lang='lat' dir='ltr'>Urina</span> <span class='ocrx_word' id='word_1_224' title='bbox 999 3585 1128 3664; x_wconf 88' lang='lat' dir='ltr'>quanto</span> <span class='ocrx_word' id='word_1_225' title='bbox 1147 3579 1259 3667; x_wconf 85' lang='lat' dir='ltr'>magis</span> <span class='ocrx_word' id='word_1_226' title='bbox 1278 3579 1385 3644; x_wconf 89' lang='lat' dir='ltr'>rubra</span> <span class='ocrx_word' id='word_1_227' title='bbox 1403 3584 1455 3644; x_wconf 90' lang='lat' dir='ltr'>est</span> <span class='ocrx_word' id='word_1_228' title='bbox 1474 3584 1509 3642; x_wconf 88' lang='lat' dir='ltr'>et</span> 
     </span>
    </p>
   </div>
   <div class='ocr_carea' id='block_1_3' title="bbox 362 3698 1622 3792">
    <p class='ocr_par' dir='ltr' id='par_1_7' title="bbox 362 3698 1622 3792">
     <span class='ocr_line' id='line_1_27' title="bbox 362 3698 1622 3792; baseline -0.002 -22"><span class='ocrx_word' id='word_1_229' title='bbox 362 3705 488 3792; x_wconf 85' lang='lat' dir='ltr'>spissa,</span> <span class='ocrx_word' id='word_1_230' title='bbox 512 3704 591 3792; x_wconf 87' lang='lat' dir='ltr'>plus</span> <span class='ocrx_word' id='word_1_231' title='bbox 615 3705 772 3772; x_wconf 88' lang='lat' dir='ltr'>continet</span> <span class='ocrx_word' id='word_1_232' title='bbox 794 3704 836 3769; x_wconf 88' lang='lat' dir='ltr'>de</span> <span class='ocrx_word' id='word_1_233' title='bbox 859 3704 1004 3771; x_wconf 89' lang='lat' dir='ltr'>materia</span> <span class='ocrx_word' id='word_1_234' title='bbox 1023 3704 1208 3772; x_wconf 77' lang='lat' dir='ltr'>cuiuslibet</span> <span class='ocrx_word' id='word_1_235' title='bbox 1227 3705 1398 3771; x_wconf 86' lang='lat' dir='ltr'>elementi.</span> <span class='ocrx_word' id='word_1_236' title='bbox 1420 3709 1425 3791; x_wconf 75' lang='grc'>1</span> <span class='ocrx_word' id='word_1_237' title='bbox 1446 3704 1509 3769; x_wconf 89' lang='lat' dir='ltr'>Ve-</span> <span class='ocrx_word' id='word_1_238' title='bbox 1534 3698 1622 3761; x_wconf 58' lang='grc' dir='ltr'>ΒΨ</span> 
     </span>
    </p>
   </div>
   <div class='ocr_carea' id='block_1_4' title="bbox 361 4070 1508 4540">
    <p class='ocr_par' dir='ltr' id='par_1_8' title="bbox 361 4070 1508 4540">
     <span class='ocr_line' id='line_1_28' title="bbox 453 4070 1506 4139; baseline 0.001 -16"><span class='ocrx_word' id='word_1_239' title='bbox 453 4075 468 4123; x_wconf 80' lang='lat' dir='ltr'>l</span> <span class='ocrx_word' id='word_1_240' title='bbox 487 4081 541 4134; x_wconf 87' lang='lat' dir='ltr'>[ast</span> <span class='ocrx_word' id='word_1_241' title='bbox 551 4073 644 4139; x_wconf 84' lang='lat' dir='ltr'>sana,]</span> <span class='ocrx_word' id='word_1_242' title='bbox 656 4089 704 4123; x_wconf 87' lang='lat' dir='ltr'>om.</span> <span class='ocrx_word' id='word_1_243' title='bbox 715 4072 743 4122; x_wconf 83' lang='lat' dir='ltr'><em>X</em></span> <span class='ocrx_word' id='word_1_244' title='bbox 803 4075 820 4122; x_wconf 82' lang='grc'>9</span> <span class='ocrx_word' id='word_1_245' title='bbox 837 4072 895 4132; x_wconf 81' lang='grc' dir='ltr'>ΑΕ]</span> <span class='ocrx_word' id='word_1_246' title='bbox 907 4071 984 4122; x_wconf 78' lang='lat' dir='ltr'>DAE</span> <span class='ocrx_word' id='word_1_247' title='bbox 994 4070 1025 4120; x_wconf 87' lang='grc' dir='ltr'><em>Μ</em></span> <span class='ocrx_word' id='word_1_248' title='bbox 1030 4075 1049 4120; x_wconf 73' lang='lat'>¹2</span> <span class='ocrx_word' id='word_1_249' title='bbox 1063 4072 1164 4121; x_wconf 86' lang='lat' dir='ltr'>damus</span> <span class='ocrx_word' id='word_1_250' title='bbox 1173 4071 1207 4122; x_wconf 82' lang='lat' dir='ltr'>da</span> <span class='ocrx_word' id='word_1_251' title='bbox 1218 4072 1268 4123; x_wconf 75' lang='lat' dir='ltr'>An</span> <span class='ocrx_word' id='word_1_252' title='bbox 1278 4070 1388 4123; x_wconf 77' lang='lat' dir='ltr'>Adomo</span> <span class='ocrx_word' id='word_1_253' title='bbox 1404 4073 1438 4122; x_wconf 88' lang='lat' dir='ltr'>da</span> <span class='ocrx_word' id='word_1_254' title='bbox 1450 4073 1506 4138; x_wconf 82' lang='lat' dir='ltr'>OG,</span> 
     </span>
     <span class='ocr_line' id='line_1_29' title="bbox 364 4144 1508 4218; baseline 0.002 -16"><span class='ocrx_word' id='word_1_255' title='bbox 364 4154 524 4213; x_wconf 74' lang='lat' dir='ltr'>carraeaaole,</span> <span class='ocrx_word' id='word_1_256' title='bbox 539 4154 568 4203; x_wconf 84' lang='lat' dir='ltr'><strong><em>X</em></strong></span> <span class='ocrx_word' id='word_1_257' title='bbox 628 4153 684 4204; x_wconf 84' lang='lat' dir='ltr'>sibi</span> <span class='ocrx_word' id='word_1_258' title='bbox 697 4153 736 4203; x_wconf 82' lang='lat' dir='ltr'>X:</span> <span class='ocrx_word' id='word_1_259' title='bbox 753 4152 857 4204; x_wconf 85' lang='lat' dir='ltr'>siveM</span> <span class='ocrx_word' id='word_1_260' title='bbox 919 4152 948 4202; x_wconf 78' lang='lat'>18</span> <span class='ocrx_word' id='word_1_261' title='bbox 961 4168 1016 4215; x_wconf 76' lang='lat' dir='ltr'>sqq.</span> <span class='ocrx_word' id='word_1_262' title='bbox 1029 4144 1198 4216; x_wconf 65' lang='lat' dir='ltr'>Latapasl</span> <span class='ocrx_word' id='word_1_263' title='bbox 1262 4154 1294 4202; x_wconf 82' lang='lat'>18</span> <span class='ocrx_word' id='word_1_264' title='bbox 1309 4151 1339 4204; x_wconf 78' lang='lat' dir='ltr'>in</span> <span class='ocrx_word' id='word_1_265' title='bbox 1351 4170 1437 4217; x_wconf 70' lang='lat' dir='ltr'>maa-9.</span> <span class='ocrx_word' id='word_1_266' title='bbox 1448 4154 1508 4218; x_wconf 81' lang='lat' dir='ltr'>(aaa</span> 
     </span>
     <span class='ocr_line' id='line_1_30' title="bbox 364 4232 1506 4300; baseline 0.001 -17"><span class='ocrx_word' id='word_1_267' title='bbox 364 4232 494 4284; x_wconf 76' lang='lat' dir='ltr'>richiamo</span> <span class='ocrx_word' id='word_1_268' title='bbox 507 4233 576 4297; x_wconf 81' lang='lat' dir='ltr'>dopo</span> <span class='ocrx_word' id='word_1_269' title='bbox 590 4234 765 4297; x_wconf 86' lang='lat' dir='ltr'>invenietur)</span> <span class='ocrx_word' id='word_1_270' title='bbox 780 4234 849 4300; x_wconf 87' lang='lat' dir='ltr'>quia</span> <span class='ocrx_word' id='word_1_271' title='bbox 863 4233 893 4284; x_wconf 91' lang='lat' dir='ltr'>in</span> <span class='ocrx_word' id='word_1_272' title='bbox 907 4233 1027 4283; x_wconf 86' lang='lat' dir='ltr'>materia</span> <span class='ocrx_word' id='word_1_273' title='bbox 1045 4237 1073 4282; x_wconf 90' lang='lat' dir='ltr'>et</span> <span class='ocrx_word' id='word_1_274' title='bbox 1090 4234 1195 4294; x_wconf 79' lang='lat' dir='ltr'>colora,</span> <span class='ocrx_word' id='word_1_275' title='bbox 1214 4236 1309 4283; x_wconf 69' lang='lat' dir='ltr'>adram</span> <span class='ocrx_word' id='word_1_276' title='bbox 1322 4247 1385 4284; x_wconf 80' lang='lat' dir='ltr'>assa</span> <span class='ocrx_word' id='word_1_277' title='bbox 1401 4249 1506 4297; x_wconf 76' lang='lat' dir='ltr'>regem,</span> 
     </span>
     <span class='ocr_line' id='line_1_31' title="bbox 361 4312 1507 4380; baseline 0.001 -17"><span class='ocrx_word' id='word_1_278' title='bbox 361 4315 457 4380; x_wconf 83' lang='lat' dir='ltr'>ignem</span> <span class='ocrx_word' id='word_1_279' title='bbox 472 4330 534 4365; x_wconf 82' lang='lat' dir='ltr'>esse</span> <span class='ocrx_word' id='word_1_280' title='bbox 548 4315 706 4376; x_wconf 87' lang='lat' dir='ltr'>dominum;</span> <span class='ocrx_word' id='word_1_281' title='bbox 724 4316 792 4379; x_wconf 89' lang='lat' dir='ltr'>quia</span> <span class='ocrx_word' id='word_1_282' title='bbox 806 4319 921 4363; x_wconf 88' lang='lat' dir='ltr'>tantum</span> <span class='ocrx_word' id='word_1_283' title='bbox 935 4312 965 4362; x_wconf 88' lang='lat' dir='ltr'>in</span> <span class='ocrx_word' id='word_1_284' title='bbox 983 4312 1116 4375; x_wconf 83' lang='lat' dir='ltr'>materia,</span> <span class='ocrx_word' id='word_1_285' title='bbox 1134 4312 1198 4364; x_wconf 87' lang='lat' dir='ltr'>ideo</span> <span class='ocrx_word' id='word_1_286' title='bbox 1216 4314 1241 4364; x_wconf 77' lang='lat' dir='ltr'><strong>A</strong></span> <span class='ocrx_word' id='word_1_287' title='bbox 1260 4320 1364 4376; x_wconf 81' lang='lat' dir='ltr'>regnat</span> <span class='ocrx_word' id='word_1_288' title='bbox 1380 4321 1410 4364; x_wconf 86' lang='lat' dir='ltr'>at</span> <span class='ocrx_word' id='word_1_289' title='bbox 1424 4315 1446 4364; x_wconf 91' lang='lat' dir='ltr'>B</span> <span class='ocrx_word' id='word_1_290' title='bbox 1461 4316 1507 4364; x_wconf 91' lang='lat' dir='ltr'>do-</span> 
     </span>
     <span class='ocr_line' id='line_1_32' title="bbox 361 4392 1505 4458; baseline 0.001 -14"><span class='ocrx_word' id='word_1_291' title='bbox 361 4397 497 4446; x_wconf 83' lang='lat' dir='ltr'>minatur.</span> <span class='ocrx_word' id='word_1_292' title='bbox 509 4395 538 4445; x_wconf 87' lang='lat' dir='ltr'><em>M</em></span> <span class='ocrx_word' id='word_1_293' title='bbox 603 4396 634 4444; x_wconf 82' lang='lat'>19</span> <span class='ocrx_word' id='word_1_294' title='bbox 650 4395 701 4452; x_wconf 78' lang='lat' dir='ltr'>‹A›</span> <span class='ocrx_word' id='word_1_295' title='bbox 715 4411 763 4444; x_wconf 74' lang='lat' dir='ltr'>aaa</span> <span class='ocrx_word' id='word_1_296' title='bbox 775 4393 805 4442; x_wconf 82' lang='lat' dir='ltr'><em>M</em></span> <span class='ocrx_word' id='word_1_297' title='bbox 813 4394 851 4458; x_wconf 76' lang='lat' dir='ltr'>X,</span> <span class='ocrx_word' id='word_1_298' title='bbox 864 4410 908 4442; x_wconf 82' lang='lat' dir='ltr'>ma</span> <span class='ocrx_word' id='word_1_299' title='bbox 920 4394 955 4456; x_wconf 86' lang='lat' dir='ltr'>cf.</span> <span class='ocrx_word' id='word_1_300' title='bbox 966 4392 1037 4442; x_wconf 73' lang='lat' dir='ltr'>Lan.</span> <span class='ocrx_word' id='word_1_301' title='bbox 1101 4394 1134 4442; x_wconf 73' lang='lat'>20</span> <span class='ocrx_word' id='word_1_302' title='bbox 1153 4393 1300 4445; x_wconf 75' lang='lat' dir='ltr'>materiam</span> <span class='ocrx_word' id='word_1_303' title='bbox 1317 4410 1350 4444; x_wconf 82' lang='lat' dir='ltr'>ax</span> <span class='ocrx_word' id='word_1_304' title='bbox 1364 4400 1410 4445; x_wconf 78' lang='lat' dir='ltr'>etc.</span> <span class='ocrx_word' id='word_1_305' title='bbox 1427 4395 1455 4444; x_wconf 86' lang='lat' dir='ltr'><em>X</em></span> <span class='ocrx_word' id='word_1_306' title='bbox 1462 4394 1505 4446; x_wconf 78' lang='lat' dir='ltr'>M:</span> 
     </span>
     <span class='ocr_line' id='line_1_33' title="bbox 361 4472 1327 4540; baseline -0.002 -14"><span class='ocrx_word' id='word_1_307' title='bbox 361 4472 525 4526; x_wconf 79' lang='lat' dir='ltr'>indiclriame</span> <span class='ocrx_word' id='word_1_308' title='bbox 540 4492 594 4525; x_wconf 80' lang='lat' dir='ltr'>aaa</span> <span class='ocrx_word' id='word_1_309' title='bbox 606 4474 704 4525; x_wconf 80' lang='lat' dir='ltr'>lacuna</span> <span class='ocrx_word' id='word_1_310' title='bbox 719 4477 784 4539; x_wconf 79' lang='lat' dir='ltr'>(per</span> <span class='ocrx_word' id='word_1_311' title='bbox 796 4491 831 4524; x_wconf 78' lang='lat' dir='ltr'>es.</span> <span class='ocrx_word' id='word_1_312' title='bbox 848 4474 895 4534; x_wconf 88' lang='lat' dir='ltr'>(In</span> <span class='ocrx_word' id='word_1_313' title='bbox 910 4474 1008 4538; x_wconf 84' lang='lat' dir='ltr'>urina,</span> <span class='ocrx_word' id='word_1_314' title='bbox 1023 4488 1095 4540; x_wconf 78' lang='lat' dir='ltr'>quae</span> <span class='ocrx_word' id='word_1_315' title='bbox 1110 4479 1180 4540; x_wconf 85' lang='lat' dir='ltr'>ast),</span> <span class='ocrx_word' id='word_1_316' title='bbox 1193 4475 1228 4539; x_wconf 82' lang='lat' dir='ltr'>cf.</span> <span class='ocrx_word' id='word_1_317' title='bbox 1242 4474 1327 4540; x_wconf 72' lang='lat' dir='ltr'>Lare.)</span> 
     </span>
    </p>
   </div>
   <div class='ocr_carea' id='block_1_5' title="bbox 0 0 1748 5108">
    <p class='ocr_par' dir='ltr' id='par_1_9' title="bbox 0 0 1748 5108">
     <span class='ocr_line' id='line_1_34' title="bbox 0 0 1748 5108; baseline 0 1"><span class='ocrx_word' id='word_1_318' title='bbox 0 0 1748 5108; x_wconf 95' lang='lat' dir='ltr'> </span> 
     </span>
    </p>
   </div>
  </div>
 </body>
</html>
