3488 5108
752 402 914 448 uxorema
935 402 1110 450 avanano.
1442 388 1502 448 573

359 557 499 624 omnino
531 564 605 623 tum
637 556 807 624 medicina
840 558 997 626 curative
1031 566 1107 626 tum
1141 560 1380 626 conservativa
1408 559 1505 646 igno·

359 683 504 750 rabitur.

447 809 569 894 §VII
594 808 700 886 Quot
723 808 851 874 modis
882 810 1109 896 complexio
1141 811 1334 896 cognosci
1362 810 1504 899 possit.

358 976 401 984 -
414 935 598 1023 Multiplex
617 934 705 1000 ratio
726 941 778 1000 est
796 957 858 1020 per
881 957 985 1019 quam
1005 936 1279 1023 complexionem
1302 937 1503 1024 dignoscere

315 1066 335 1127 5
358 1082 553 1149 possumus,
568 1081 712 1145 quarum
732 1058 820 1125 aliae
839 1066 921 1125 sunt
937 1061 1150 1144 remotiores,
1162 1060 1251 1127 aliae
1267 1072 1349 1128 sunt
1364 1063 1505 1149 propin·

360 1186 509 1271 quiores,
530 1183 617 1249 aliae
635 1184 821 1271 proximae.
848 1184 894 1249 Et
914 1191 953 1250 ut
976 1208 996 1250 a
1016 1185 1258 1251 remotioribus
1282 1187 1502 1272 incipiamus,

359 1310 550 1398 complexio
569 1307 789 1396 cognoscitur
807 1312 919 1397 primo
939 1310 1182 1396 investigando
1201 1310 1401 1378 interiorem
1416 1312 1505 1376 neti-

359 1437 518 1519 vitatem,
537 1457 625 1520 quae
643 1432 713 1500 fuit
732 1433 770 1499 in
788 1432 936 1501 instanti
954 1434 1224 1502 introductionis
1249 1437 1384 1503 animae
1402 1437 1505 1503 ratio-

359 1562 448 1629 nalis
476 1561 514 1626 iu
545 1582 668 1647 corpus
699 1558 905 1646 dispositum
930 1560 973 1625 ab
1004 1561 1188 1647 agentibus
1218 1562 1437 1628 naturalibus
1461 1563 1504 1628 ad
1544 1567 1545 1570 ’

296 1689 337 1752 10
360 1689 495 1754 animae
518 1686 765 1773 receptionem,
790 1685 827 1750 in
851 1705 919 1770 quo
944 1685 1092 1752 instanti
1116 1692 1274 1770 (naturae
1297 1687 1390 1753 enim
1414 1688 1505 1753 actio

360 1815 448 1881 nihil
463 1811 595 1895 differt,
610 1804 670 1876 sed
681 1809 801 1877 statim
814 1817 848 1875 et
863 1811 1054 1878 necessario
1070 1812 1218 1899 patienti
1234 1812 1322 1878 bene
1337 1813 1504 1901 disposito

359 1939 542 2026 ingeritur)
559 1937 721 2023 regnavit
735 1935 901 2023 spiritalis
914 1935 1112 2020 influentia;
1129 1937 1226 2003 ouius
1241 1935 1358 2023 gratia
1373 1937 1408 2002 in
1426 1937 1505 2003 oho-

359 2064 463 2129 lerico
482 2062 765 2150 praedominatur
785 2061 890 2146 ignis,
915 2061 953 2125 in
976 2062 1166 2147 sanguineo
1185 2071 1256 2145 atr,
1275 2063 1312 2127 in
1330 2062 1506 2148 phlegma-

360 2189 430 2254 tico
442 2210 546 2273 aqua,
559 2186 597 2252 in
617 2185 864 2252 melancholico
882 2192 984 2252 terra.
996 2187 1184 2272 Inquisitio
1197 2187 1395 2254 nativitatis
1409 2195 1506 2255 extra

296 2314 339 2378 15
361 2321 512 2397 uterum,
533 2334 601 2399 qua
620 2311 733 2379 foetus
752 2310 956 2399 producitur
971 2311 1009 2377 in
1026 2313 1150 2397 lucem,
1172 2312 1216 2378 ad
1231 2312 1381 2378 nihilum
1399 2314 1507 2397 valet,

360 2439 428 2505 nisi
458 2446 497 2505 ut
527 2461 589 2525 per
619 2438 731 2524 ipsam
754 2437 792 2503 in
817 2437 984 2503 noticiam
1003 2437 1174 2525 possimus
1199 2437 1333 2526 primae
1351 2445 1388 2505 et
1406 2460 1508 2505 verae

361 2564 558 2631 nativitatis
578 2562 748 2629 devenire.

451 2696 471 2773 ξ
495 2689 591 2755 VIII.
616 2690 724 2753 Porro
740 2711 817 2754 cum
833 2688 1031 2755 huiusmodi
1046 2689 1215 2755 nativitas
1230 2689 1277 2754 sit
1292 2688 1509 2776 irregularis,

362 2821 484 2903 utpote
503 2813 677 2880 indefiniti
700 2812 879 2901 temporis,
899 2813 1113 2902 impossibile
1137 2814 1276 2880 videtur
1303 2814 1376 2880 eius
1404 2813 1509 2879 ratio·

295 2942 339 3004 20
361 2963 440 3007 nem
460 2962 538 3006 cum
557 2937 715 3027 profectu
739 2938 971 3025 investigare;
990 2938 1137 3025 ideoque
1155 2961 1227 3006 non
1250 2944 1303 3004 est
1326 2939 1453 3005 mirum
1479 2939 1509 3006 si

361 3072 436 3131 tum
455 3064 622 3151 astrologi
640 3072 715 3130 tum
735 3063 858 3129 medici
878 3063 915 3128 in
935 3086 1052 3130 eorum
1080 3064 1219 3130 iudiciis
1248 3071 1287 3129 ut
1317 3064 1508 3151 plurimum

363 3190 655 3277 praevaricantur.
677 3193 681 3277 l
702 3191 796 3276 Ergo
821 3189 889 3255 alifa
912 3189 969 3255 via
993 3189 1191 3275 inquiratur
1222 3197 1374 3276 oportet,
1405 3189 1509 3277 siqui·
1534 3199 1622 3262 56²

363 3315 440 3381 dem
457 3316 495 3380 in
513 3316 737 3402 conceptione
754 3336 813 3379 scu
830 3314 1064 3401 conceptionis
1081 3315 1229 3380 instanti
1243 3320 1325 3381 sunt
1341 3314 1511 3401 quaedam

362 3440 568 3523 accidentia,
589 3441 715 3527 quibus
734 3440 858 3505 mulier
878 3445 969 3504 certe
988 3460 1176 3525 agnoscere
1194 3447 1311 3526 potest
1330 3461 1408 3505 eum
1425 3438 1510 3525 ipsis

296 3563 339 3626 25
363 3565 560 3632 huiusmodi
579 3565 803 3631 nativitatem
823 3564 1015 3630 convenire.
1041 3563 1150 3650 Signa
1175 3586 1262 3650 quae
1282 3563 1420 3630 suntin
1440 3585 1513 3629 mu-

362 3692 446 3756 liere
466 3691 558 3757 etin
578 3691 652 3758 viro
669 3690 748 3755 nolo
768 3711 923 3773 narrare,
942 3689 1119 3776 generalia
1138 3695 1256 3755 tamen
1279 3695 1361 3755 sunt
1392 3689 1511 3776 vulga-

364 3825 412 3899 ta,
433 3839 514 3882 nam
533 3817 573 3881 in
592 3815 816 3902 conceptione
840 3836 941 3882 crura
960 3815 1115 3882 mulieris
1140 3815 1259 3881 dolent
1282 3822 1317 3880 et
1335 3820 1513 3882 menstrua

364 3948 500 4007 cessant
519 3940 636 4006 fluere.

455 4068 557 4150 §IX
583 4065 767 4132 Secunda
790 4067 898 4132 ratio
922 4065 1242 4154 investigandae
1266 4064 1510 4153 complexio-

300 4206 343 4267 30
366 4192 638 4280 nis-Legitur
657 4191 804 4258 subinde
828 4192 1018 4279 complexio
1042 4192 1081 4257 in
1113 4191 1380 4279 physiognomia
1405 4189 1512 4255 homi-

462 4476 492 4523 12
512 4463 615 4541 aprelis
629 4473 662 4523 Μ
