3488 5108
117 392 159 449 ῖῡ
558 408 700 455 ioannru
721 408 824 452 naum

117 565 332 652 agendorum
359 573 434 632 tum
464 566 502 632 in
529 571 656 633 natura
687 571 762 630 tum
790 564 827 629 iu
852 571 940 647 arte,
969 563 1161 628 necessaria
1178 570 1259 628 sunt

118 692 301 779 principia.

208 816 310 883 XIII.
335 816 448 904 Supra
467 816 591 883 solium
607 817 752 904 fingitur
771 839 910 903 serpens
934 804 971 880 in
996 815 1163 881 circulum
1183 836 1261 880 eon·

119 950 245 1026 tortus,
265 965 285 1009 a
304 942 412 1008 cauda
431 942 590 1008 mordens
608 964 668 1007 seu
688 964 813 1008 vorans
832 964 868 1007 se
887 941 1015 1028 ipsum,
1033 940 1077 1007 ad
1095 940 1263 1006 denotan-

75 1076 96 1139 5
118 1067 201 1134 dum
215 1068 428 1156 principium
447 1068 625 1155 temporis;
640 1068 732 1133 unde
747 1067 784 1132 in
804 1067 977 1154 principio
997 1065 1155 1151 dicimus,
1170 1063 1262 1151 quod

119 1193 269 1279 aprime
288 1193 344 1259 vel
362 1194 400 1259 in
419 1193 530 1279 primo
550 1193 706 1258 instanti.

208 1318 305 1384 XIV.
330 1317 453 1384 Senem
477 1318 650 1383 hominem
674 1317 870 1404 intelligere
894 1322 1045 1405 oportet,
1066 1317 1109 1383 ad
1129 1316 1263 1403 signifi·

121 1444 269 1511 candum
286 1444 497 1532 principium
517 1467 589 1510 esse
608 1444 848 1509 aeternitatem
865 1446 976 1531 ipsam
993 1467 1053 1510 seu
1067 1444 1262 1510 absolutam

120 1568 354 1654 durationem,
373 1570 455 1655 quia
473 1569 517 1634 ab
536 1592 576 1634 ea
596 1570 710 1635 omnia
734 1576 769 1633 et
792 1569 829 1634 in
854 1592 892 1634 ea
916 1569 1091 1651 universa,
1111 1568 1194 1633 dum
1213 1568 1264 1633 in-

57 1701 98 1766 10
120 1695 223 1761 terim
243 1695 317 1784 ipsa
336 1718 400 1761 nec
420 1698 424 1780 l
445 1696 482 1760 in
502 1694 570 1760 alio
586 1717 650 1760 nec
673 1695 716 1760 ab
741 1694 826 1777 alio;
844 1694 935 1760 unde
954 1695 991 1760 in
1011 1694 1184 1782 principio
1203 1693 1263 1758 ali-
1290 1693 1406 1756 129Γ

122 1821 205 1906 quid
224 1844 295 1887 esse
315 1821 370 1886 vel
388 1820 463 1885 fieri
482 1820 622 1903 dicitur,
644 1819 736 1905 quod
754 1821 791 1886 in
811 1819 1016 1885 aeternitate
1036 1826 1088 1885 est
1106 1818 1162 1885 vel
1182 1793 1231 1882 fit.

210 1947 288 2013 XV.
312 1946 396 2011 Eius
415 1967 540 2025 nomen
559 1945 757 2033 respicienti
774 1952 931 2012 occurrat
947 1944 1138 2011 Saturnum
1157 1943 1226 2009 dici
1246 1967 1265 2008 a

121 2074 316 2167 saturitate,
337 2073 590 2139 adnotandum
608 2072 820 2160 principium
840 2072 1036 2160 significare
1053 2071 1263 2138 universita-

121 2209 192 2266 tem
210 2221 325 2265 rerum
342 2206 377 2264 ct
393 2199 592 2265 universum
609 2221 679 2283 ens,
692 2199 791 2264 iuxta
809 2198 978 2264 rationem
998 2220 1067 2284 qua
1086 2197 1265 2263 Parmeni-

57 2328 98 2392 15
121 2326 180 2392 des
199 2334 233 2391 et
251 2324 485 2412 Xenophanes
503 2324 595 2389 idem
614 2323 777 2390 dixerunt
795 2323 1004 2410 principium
1026 2330 1061 2388 et
1079 2346 1159 2406 ens,
1180 2322 1263 2409 quia

123 2473 223 2517 omne
241 2451 333 2537 quod
352 2456 418 2533 est,
438 2450 467 2515 si
486 2471 565 2515 vere
584 2457 652 2532 est,
671 2457 723 2516 est
745 2448 972 2537 principium,
993 2456 1028 2513 et
1048 2471 1148 2514 omne
1167 2447 1265 2536 prin·

123 2577 265 2665 cipium,
286 2577 316 2642 si
334 2598 414 2642 vere
432 2583 484 2641 eet
502 2574 729 2662 principium,
750 2582 803 2641 est
826 2574 917 2660 quod
941 2581 1008 2657 est;
1026 2581 1061 2639 et
1079 2574 1156 2639 ideo
1175 2573 1266 2639 dice-

123 2703 209 2768 bant
220 2723 328 2767 unum
340 2700 551 2788 principium
566 2700 630 2782 (ait
645 2699 878 2782 Aristoteles),
898 2699 979 2784 quia
996 2722 1105 2766 unum
1122 2705 1174 2765 est
1192 2722 1263 2784 cns,

123 2828 215 2913 quod
233 2827 325 2892 idem
343 2825 563 2911 intelligitur.

56 2955 101 3018 20
212 2952 309 3017 XVI.
334 2951 516 3038 Sceptrnm
545 2950 639 3016 illius
669 2951 842 3039 significet
869 2951 1062 3037 potentiam
1094 2951 1262 3033 activam,

123 3077 283 3143 similiter
302 3084 336 3142 et
355 3077 624 3143 instrumentum
643 3075 800 3142 actionis.

212 3203 326 3269 XVII.
351 3203 450 3281 Quod
470 3202 634 3288 quosdam
653 3202 741 3267 filios
760 3202 919 3288 genuerit
942 3202 1148 3295 genitosque
1167 3225 1265 3268 vora-

122 3331 214 3397 verit
231 3328 287 3395 vel
306 3337 419 3410 voret,
437 3337 536 3394 notat
557 3327 723 3415 principii
747 3327 1036 3415 significationem
1061 3327 1202 3392 extendi
1222 3328 1266 3393 ad

122 3456 379 3544 generationem
396 3461 431 3519 et
448 3454 712 3542 corruptionem.
734 3453 920 3520 Generatio
933 3454 1070 3538 etenim,
1087 3459 1172 3541 puta
1189 3454 1265 3541 ipsa

57 3588 100 3650 Ξῖ)
124 3583 259 3650 eductio
280 3604 299 3646 a
318 3603 389 3646 non
407 3604 479 3646 esse
498 3579 542 3645 ad
561 3602 647 3663 esse,
668 3603 727 3646 seu
746 3589 858 3647 motus
878 3580 920 3645 de
939 3603 1009 3646 non
1028 3587 1107 3645 ente
1129 3579 1173 3645 ad
1192 3602 1265 3663 ens,

124 3708 306 3796 specialem
326 3706 519 3794 suscipiunt
535 3705 771 3793 principiandi
789 3706 971 3771 rationem.

213 3833 346 3899 XVIII.
372 3832 471 3910 Quod
494 3855 514 3897 a
538 3832 619 3896 Iove
643 3831 713 3941 lilio
738 3854 757 3896 a
781 3853 888 3916 regno
919 3831 1078 3897 detrusus
1102 3803 1263 3916 etregno

220 4159 233 4207 l
255 4157 325 4219 dopo
346 4154 522 4219 agendorum
544 4171 557 4203 e
577 4160 640 4203 arte
664 4152 823 4218 interpunpe
845 4152 890 4202 M:
912 4169 990 4202 senze
1014 4150 1215 4215 interpunsicne
1245 4152 1267 4199 A

126 4241 142 4288 6
159 4238 280 4287 instanti
289 4245 314 4298 <,
329 4238 372 4288 vel
384 4252 448 4286 cum
458 4237 580 4292 eodem.)
592 4234 625 4284 M
670 4235 700 4284 10
711 4249 763 4285 neo
773 4235 808 4283 ab
822 4239 827 4296 1
842 4238 872 4283 in
884 4233 941 4283 elio
952 4248 1004 4283 nec
1016 4233 1085 4282 obri
1135 4233 1165 4281 21
1180 4231 1266 4281 actio·

128 4322 173 4369 nis
185 4318 227 4368 M:
240 4310 330 4382 giso}
346 4320 384 4368 A:
400 4317 427 4378 f.
447 4315 688 4381 gubernationis?
750 4317 782 4364 ‘25
800 4314 915 4364 eductio
929 4311 1041 4374 (..ucti0
1054 4311 1100 4377 A¹)
1114 4313 1152 4361 21:
1167 4312 1270 4363 deduc·

129 4400 220 4450 ticli
281 4397 437 4449 motusM:
457 4397 596 4448 modusA
662 4397 693 4445 26
709 4394 890 4461 principandi
908 4394 945 4444 A:
972 4394 1163 4460 principiandi
1184 4395 1270 4444 ratio·

129 4499 193 4535 nom
207 4498 256 4532 om.
274 4481 306 4531 M
366 4480 397 4529 27
413 4496 430 4530 a
441 4484 540 4542 regno]
554 4495 571 4528 a
585 4492 666 4540 ..gno
678 4476 713 4524 Al
