3488 5108
286 389 345 447 3243
728 402 868 447 menam
890 401 993 447 nevar

286 558 431 624 aliorum
467 558 667 641 multorum,
707 557 776 623 imo
811 556 965 623 omnium
994 577 1081 641 quae
1114 556 1288 622 ordinario
1324 579 1427 622 eursu

286 690 439 770 aguntur
462 689 585 748 etune
605 680 753 767 quadam
772 704 894 746 norma.
922 688 1026 766 atque
1045 682 1147 764 serie,
1178 690 1304 748 natura
1323 687 1358 746 et
1377 681 1429 746 in-

287 807 446 873 tellectus
466 829 570 874 causa
589 813 682 872 certa
701 814 753 872 est
771 806 934 891 efficiens,
955 828 1057 891 quem
1076 806 1298 890 consequitur
1316 806 1428 873 deter-

288 934 440 999 minatus
458 932 562 999 etiam
583 939 617 998 et
634 938 746 998 certus
766 932 860 1015 finis3
880 933 992 997 omnis
1011 932 1103 998 enirn
1120 954 1226 1019 agens
1243 932 1430 999 seeundum

243 1067 264 1131 ὃ
287 1061 501 1127 intellectum
521 1083 582 1147 per
602 1061 706 1126 finem
721 1061 805 1147 agit.

375 1205 409 1244 aa
425 1206 459 1244 u.
479 1187 525 1251 Et
543 1186 630 1251 istae
648 1191 718 1251 tres
738 1207 859 1252 causae
879 1186 1056 1268 (efficiens,
1078 1186 1157 1252 finis
1174 1193 1207 1252 et
1219 1171 1343 1268 forma)
1359 1186 1432 1272 ple·
1456 1192 1547 1257 29⁹
1562 1193 1598 1257 0

287 1334 433 1398 rumque
453 1317 664 1376 concurrunt
676 1309 713 1375 in
725 1331 843 1392 unam;
865 1310 1001 1395 quando
1020 1310 1113 1376 enim
1132 1309 1234 1377 homo
1253 1309 1429 1376 hominem

288 1443 444 1525 generat,
465 1458 535 1502 una
566 1434 676 1500 forma
701 1457 760 1501 seu
787 1457 857 1501 una
884 1436 1014 1522 speeies
1044 1434 1162 1501 eadem
1193 1441 1245 1501 est
1264 1433 1430 1521 officione,

288 1563 366 1628 finis
383 1570 418 1628 et
434 1562 526 1648 quod
543 1560 711 1647 quidest,
729 1561 765 1626 id
785 1567 836 1626 est
855 1562 976 1627 forma.

224 1696 266 1758 10
377 1710 410 1748 u.
431 1689 554 1774 Itaque
578 1689 692 1775 ipsum
714 1695 856 1776 propter
881 1688 977 1773 quid,
1006 1712 1065 1754 eeu
1090 1712 1192 1755 eausa
1221 1689 1432 1776 respondens

288 1814 428 1879 definite
452 1814 496 1879 ad
520 1814 756 1899 quaestionem
779 1813 900 1898 ‘quare
931 1814 1064 1899 aliquid
1088 1814 1162 1898 est’,
1186 1813 1365 1879 reducitur
1389 1813 1433 1879 ad

288 1940 357 2005 tria
383 1940 511 2027 capita,
543 1963 666 2027 nempe
691 1939 762 2031 (ad)
790 1941 985 2024 materiam,
1013 1941 1056 2007 ad
1086 1941 1292 2007 efficientem
1321 1948 1356 2006 et
1388 1940 1432 2006 ad

289 2064 445 2131 formam.
470 2065 625 2131 Fortuna
649 2087 730 2131 vero
758 2073 792 2131 et
823 2088 919 2132 casus
947 2067 1124 2152 pertinent
1153 2066 1196 2131 ad
1225 2064 1431 2131 efficientem

289 2189 476 2256 seeundum
504 2190 661 2256 accidens
685 2198 720 2256 et
745 2212 821 2257 raro
850 2197 885 2256 et
907 2198 1044 2277 praeter
1072 2191 1315 2257 intentionem:
1337 2192 1342 2277 Ι
1362 2189 1430 2255 for·
1454 2197 1548 2261 43*
1561 2197 1607 2260 Β

226 2317 266 2382 15
290 2322 376 2381 tuna
395 2315 534 2401 quidem
553 2315 590 2380 iu
608 2314 662 2380 his
680 2337 767 2400 quae
786 2315 875 2381 hane
893 2316 1038 2400 habent,
1058 2339 1155 2383 casus
1171 2338 1253 2383 vero
1272 2316 1378 2382 etiam
1393 2315 1430 2380 in

290 2443 343 2508 his
363 2464 449 2529 quae
468 2441 532 2507 hae
552 2447 669 2507 carent
689 2441 733 2527 [id
753 2447 805 2506 est
824 2441 1038 2528 intentionel.

763 2754 798 2792 De
812 2763 882 2793 aaran
896 2752 966 2792 finali.

634 2824 698 2872 Quod
714 2830 797 2864 natura
811 2829 864 2873 egat
878 2825 1001 2864 seeundum
1016 2824 1093 2862 finem.

382 3068 416 3107 ττι.
438 3048 605 3113 Naturam
629 3069 730 3132 agere
748 3054 890 3134 propter
913 3045 1016 3111 finem
1037 3044 1285 3111 ostendendum
1303 3053 1368 3130 eet,
1389 3068 1432 3110 ue

226 3182 270 3246 20
293 3197 370 3240 eum
404 3174 473 3239 illis
505 3172 731 3260 decipiamur,
754 3172 812 3257 qui
847 3172 964 3236 omnia
988 3171 1031 3236 ad
1060 3193 1198 3237 eausam
1223 3171 1433 3236 materialem

292 3304 501 3386 referebant,
533 3308 571 3366 ut
591 3300 634 3365 ad
664 3300 812 3366 ualidum
831 3300 887 3365 vel
906 3300 1074 3386 frigidum
1103 3298 1311 3381 subiectum,
1341 3297 1431 3362 unde

293 3428 447 3515 gravitas
467 3436 502 3492 et
520 3428 653 3493 levitas,
673 3426 753 3491 Ideo
778 3426 919 3491 aiebant
941 3425 1096 3511 pluviam
1120 3447 1192 3489 esse
1216 3429 1250 3488 et
1273 3423 1438 3489 serenita-

294 3563 377 3638 tem,
405 3556 487 3640 quia
516 3554 638 3640 gravia
672 3554 821 3619 tendunt
851 3554 1024 3634 deoreum;
1051 3552 1211 3618 similiter
1240 3574 1310 3616 non
1337 3558 1436 3617 tonat

294 3681 453 3768 Iuppiter
470 3689 509 3746 ut
525 3680 737 3746 frumentum
757 3688 896 3766 augeat,
917 3703 1027 3766 neque
1046 3679 1150 3766 pluit,
1176 3677 1235 3744 sed
1260 3701 1302 3742 ex
1323 3700 1435 3743 neees-

227 3805 410 3890 absitate,
440 3828 508 3891 qua
535 3806 695 3872 humores
731 3807 767 3871 in
798 3807 938 3892 regione
966 3806 1054 3872 a'e'ris
1089 3804 1218 3892 frigida
1252 3803 1432 3889 inspissati

294 3930 485 3998 necessario
513 3932 653 4018 proprio
677 3932 828 4019 pondere
858 3931 1017 3998 feruntur
1050 3931 1217 3997 deorsum.
1244 3931 1298 3994 Ita
1328 3929 1434 3993 etiam

387 4206 436 4255 (5.7
461 4204 620 4268 plerunque
639 4203 666 4251 E
727 4203 741 4250 7
767 4217 854 4253 unum
879 4200 1003 4265 Fiqurat.
1022 4202 1102 4265 phya.
1126 4202 1189 4250 aad.
1209 4217 1241 4263 p.
1264 4202 1350 4259 160,l
1373 4200 1434 4260 (Ar.

291 4302 321 4350 p.
339 4286 400 4334 1980
418 4284 454 4332 24
468 4279 571 4349 ἔρχεται
588 4280 614 4332 δὲ
631 4282 663 4332 τὰ
678 4279 737 4349 τρία
752 4277 789 4342 εἰς
805 4277 831 4330 ἓν
845 4279 987 4342 πολλάκις
1005 4299 1049 4331 mu·
1066 4279 1171 4332 antiche
1185 4279 1340 4330 tradazimu'
1354 4280 1438 4328 anche

296 4363 514 4427 'trasimenum
564 4365 594 4413 12
604 4364 665 4421 (αά)
676 4362 760 4412 οπι.Ε
806 4364 837 4412 16
847 4363 1019 4412 cauallitano
1030 4363 1058 4414 id
1069 4370 1112 4413 ast
1122 4364 1283 4412 intentione
1331 4359 1437 4427 25qua]

296 4445 394 4510 quoE
456 4442 562 4509 frigida
574 4446 661 4497 ormo
