3488 5108
574 420 618 465 DE
641 420 755 465 RERVM
777 422 954 468 Patxcli’us
976 424 1043 468 ETC.
1321 412 1380 471 543

236 575 380 657 nitates,
401 575 560 640 fortunae
577 584 655 662 ete,
673 577 803 655 studia,
821 579 1002 665 geniorum
1018 581 1163 646 mutatio
1181 590 1215 647 et
1231 583 1379 670 reliqua3

236 708 271 765 et
290 701 327 765 in
347 701 400 767 his
420 723 489 767 non
509 701 636 766 sufficit
656 702 821 768 adnotare
845 704 1062 791 planetarum
1082 730 1141 771 seu
1160 707 1378 775 dominorum

236 826 433 892 huiusmodi
463 834 594 892 statum
625 827 814 913 duntaxat,
845 830 904 894 sed
935 838 969 895 et
998 832 1193 897 mansiones
1224 833 1325 899 lunae
1346 842 1381 899 et

235 951 336 1037 signa
355 951 533 1017 duodecim
553 959 587 1017 et
607 953 840 1041 quadraginta
860 963 937 1020 oeto
956 955 1141 1043 imagines,
1162 981 1250 1044 (luae
1275 959 1318 1025 ad
1337 959 1380 1025 si·

190 1090 211 1151 5
234 1099 383 1163 gnarum
402 1077 582 1143 duodecim
602 1079 706 1144 etiarn
728 1103 908 1145 numerum
932 1081 1145 1163 referimtur;
1172 1082 1269 1148 iuxta
1288 1084 1379 1150 enim

235 1204 366 1270 zodiaci
396 1204 602 1271 divisionem
634 1207 670 1271 in
700 1207 879 1272 duodecim
908 1216 1024 1296 partes
1052 1208 1249 1275 universum
1275 1211 1379 1276 etiam

236 1331 369 1396 caelum
389 1330 427 1396 in
451 1331 596 1397 totidem
620 1340 735 1419 partes
755 1333 970 1420 dispescitur.

326 1459 560 1525 Instituerunt
585 1460 783 1546 Babylonos
802 1468 838 1527 et
855 1460 1019 1525 Chaldaei
1043 1460 1212 1546 imagines
1231 1469 1376 1549 septem,

236 1585 272 1650 in
301 1585 427 1670 quibus
456 1585 603 1651 virtutes
629 1595 759 1673 septem
792 1587 1009 1673 planetarum
1040 1588 1271 1675 explicantur,
1299 1614 1381 1676 ‹pia-

173 1711 397 1797 rotagium
424 1719 501 1775 octo
529 1711 566 1776 in
596 1711 722 1798 quibus
750 1713 897 1778 virtutes
921 1713 1099 1799 signorum
1128 1721 1162 1779 et
1189 1715 1381 1802 imaginum

237 1859 257 1901 a
276 1837 385 1902 stellis
404 1837 495 1921 fixis,
516 1836 686 1923 imagines
705 1838 788 1903 item
809 1838 937 1921 viginti
961 1847 1038 1904 octo
1058 1840 1101 1904 ad
1120 1840 1268 1906 virtutes
1289 1865 1384 1906 man-

238 1962 373 2027 sionum
392 1963 494 2028 lunae
514 1962 768 2047 significandas.
789 1963 844 2027 Ad
863 1963 940 2028 illas
959 1964 1128 2051 respicere
1148 1972 1284 2052 oportet
1304 1988 1382 2030 eum

238 2087 297 2172 qui
316 2087 456 2152 virtutis
480 2096 513 2152 et
538 2087 709 2154 effieaeiae
734 2089 1001 2175 uniuscuiusque
1026 2090 1191 2177 temporis
1211 2092 1381 2157 rationem

238 2212 365 2277 habere
384 2214 606 2300 concupiscit.

174 2344 215 2408 15
327 2338 431 2403 Hisce
460 2341 648 2427 perspectis
677 2340 735 2406 ille
755 2341 814 2426 qui
834 2340 910 2405 vult
939 2341 1162 2425 succinctam,
1193 2343 1321 2408 claram
1346 2350 1382 2409 et

241 2471 396 2549 apertam
415 2471 450 2529 et
469 2475 598 2532 certam
619 2466 799 2533 scientiam
830 2450 1047 2532 dominorum
1066 2467 1213 2532 istorum
1240 2467 1379 2551 habere,

238 2589 401 2675 respiciat
420 2591 521 2657 horas
551 2600 585 2656 et
604 2593 641 2658 in
671 2592 765 2658 horis
793 2592 894 2678 signa
918 2592 1007 2658 etin
1028 2592 1138 2678 signis
1167 2593 1326 2680 planetes
1346 2602 1381 2659 et

239 2736 315 2779 cunr
335 2715 485 2802 planetis
504 2718 606 2782 lunae
630 2718 842 2783 mansionem
862 2727 898 2785 ot
927 2717 1116 2804 imaginem
1135 2718 1282 2785 fixarum
1302 2720 1380 2784 stel-

237 2840 349 2905 larum
368 2842 580 2907 currentium
601 2865 678 2908 eum
697 2844 796 2930 signo
816 2844 918 2909 facile
936 2867 978 2909 ex
1002 2845 1111 2932 ipsius
1131 2845 1296 2931 imaginis
1316 2846 1379 2911 cir·

170 2971 215 3035 20
237 2967 454 3031 cumstantiis
474 2967 641 3033 malitiam
663 2969 716 3034 uel
736 2958 989 3055 benignitatem
1006 2971 1170 3057 temporis
1188 2971 1379 3038 considera·

237 3114 291 3174 re;
305 3092 364 3157 ubi
385 3115 464 3157 vcro
485 3093 551 3158 ista
570 3101 652 3159 sunt
672 3095 792 3179 mixta,
806 3119 930 3183 nempe
947 3097 1036 3162 mala
1053 3119 1130 3163 cunr
1151 3096 1264 3183 bonis,
1277 3099 1380 3164 utilia

1282 3319 1375 3327 ——-—-

330 3446 346 3495 8
371 3444 523 3494 Babiloues
545 3444 576 3493 M
637 3447 654 3495 8
677 3461 731 3508 sqq.
753 3447 782 3495 ia
804 3461 888 3512 morp.
910 3448 940 3496 in
962 3445 1036 3497 libro
1057 3447 1099 3497 De
1120 3448 1229 3498 umbris
1251 3448 1380 3498 idearum

238 3527 395 3590 (idaeernm
410 3525 521 3589 cod.;p.
540 3526 590 3574 1114
603 3542 656 3589 sqq.
673 3524 766 3588 Inihr.)
782 3543 818 3577 ex
834 3564 853 3578 ..
944 3531 1008 3593 (riou
1021 3544 1091 3593 pare
1106 3528 1233 3592 Teucro;
1247 3530 1281 3586 cf.
1297 3544 1382 3592 sopra

234 3624 264 3670 p.
280 3608 396 3667 eoam),
416 3605 457 3655 Dc
475 3605 559 3655 arrrtr.
578 3605 664 3655 idear.
679 3623 709 3670 p.
731 3609 789 3671 135)
815 3608 989 3673 Babylonico
1008 3608 1188 3674 (Babilonico
1209 3609 1290 3674 cod),
1316 3608 1381 3659 vide

238 3686 350 3737 Corncl.
366 3687 466 3752 Agrip.
480 3686 513 3735 de
527 3687 640 3736 occulta
651 3705 667 3735 e
682 3705 698 3734 a
714 3706 730 3735 a
745 3689 933 3754 philosophia.
948 3688 981 3739 M
1043 3689 1081 3738 15.
1094 3690 1125 3739 17
1143 3689 1379 3756 ille-respiciat]

239 3767 266 3816 in
278 3764 376 3834 sepuito
389 3765 515 3816 continua
528 3767 557 3816 la
568 3766 745 3826 castratione,
758 3785 825 3819 coare
841 3786 866 3818 se
874 3771 949 3832 some
962 3770 1008 3833 qui
1020 3769 1101 3819 illum
1110 3771 1285 3835 -respicere
1300 3786 1381 3836 opor·

238 3855 280 3897 tet
344 3850 374 3897 18
391 3846 419 3899 ia
435 3865 521 3913 aiarp.
540 3884 606 3898 .....
626 3849 661 3898 de
678 3849 817 3899 subiectis
836 3851 921 3900 etiam
940 3849 1168 3912 considerandis,
1189 3851 1295 3916 quibas
1314 3851 1381 3902 talia

238 3929 331 3980 virtue
347 3927 516 3992 applicatur.
536 3928 583 3977 Sol
601 3928 676 3977 enim
700 3928 840 3993 homoque
861 3937 1001 3992 generant
1018 3929 1162 3980 hominem
1182 3930 1277 3995 (Arist.
1296 3932 1379 3997 Phys.

237 4011 289 4059 139.
306 4002 421 4072 1940163
439 4010 480 4057 De
491 4008 602 4059 Monad.
611 4027 641 4072 p.
653 4009 715 4066 398,
727 4011 760 4057 13
774 4007 872 4069 lion),
889 4015 919 4057 et
932 4010 1007 4059 sicut
1020 4010 1098 4060 aliud
1111 4017 1156 4061 cet
1170 4028 1266 4062 semen
1279 4014 1379 4077 tritici,

238 4091 314 4139 eliud
334 4106 429 4139 semen
447 4090 586 4156 siliginis,
600 4089 644 4139 ita
661 4096 690 4139 et
707 4089 805 4139 eodem
824 4097 952 4156 tempore
971 4096 999 4139 ot
1016 4093 1045 4141 in
1064 4091 1162 4142 eadem
1188 4099 1278 4154 terre,
1303 4113 1319 4142 a
1334 4113 1350 4143 a
1366 4113 1381 4142 a

239 4172 350 4236 (parole
367 4171 525 4231 cancellata)
542 4175 571 4219 et
585 4171 683 4220 eodem
698 4171 776 4220 caelo
791 4169 864 4219 alins
879 4171 1013 4221 fortunae
1028 4171 1076 4234 (iic
1090 4172 1121 4222 Μ
1125 4165 1147 4235 ὸ)
1163 4174 1240 4224 filius
1252 4176 1383 4226 nascitur

240 4253 379 4317 (pascitur
391 4244 449 4310 illl)
466 4268 481 4298 a
499 4266 597 4312 servo,
616 4252 690 4300 alius
708 4267 724 4300 a
741 4267 820 4314 rego,
836 4252 928 4301 simile
946 4251 1083 4302 iudicium
1102 4260 1146 4303 est
1164 4261 1194 4304 et
1212 4291 1308 4306 .......
1328 4262 1380 4319 (ra

239 4336 317 4382 tione
332 4332 362 4381 M
367 4325 388 4392 ²¹)
404 4331 534 4380 seminali
549 4332 778 4396 aegritudinum,
792 4332 948 4382 territatum
963 4325 1041 4397 hilf?
1055 4340 1183 4385 statuum
1198 4329 1270 4400 Ma„
1285 4339 1381 4401 genio·

239 4431 301 4464 rum
314 4419 343 4462 et
354 4411 534 4474 ingeniorum
550 4428 585 4460 ex
599 4414 710 4462 diverso
726 4410 773 4478 (sic
787 4405 845 4475 Ma,
860 4414 1007 4463 hominum
1020 4415 1216 4479 complexione
1226 4417 1379 4479 ethabitn,

241 4502 270 4545 ot
286 4502 401 4561 practer
417 4495 486 4542 haec
504 4493 674 4542 educet-ione
693 4498 721 4543 ct
738 4492 925 4543 nutrimento.
939 4493 970 4543 Μ
1031 4497 1062 4545 21
1080 4497 1207 4547 inistaM
