3488 5108
445 419 535 465 uuam
558 419 768 464 rursroonvu
791 419 1004 465 aursrornms
1024 419 1221 466 arenarum.
1351 407 1405 464 351

262 581 402 640 tantum
432 574 530 641 abest
553 581 594 641 ut
613 574 760 642 alterum
783 577 821 641 in
844 577 992 641 alterum
1010 576 1139 642 inverti
1157 577 1280 664 possit,
1301 583 1339 641 ut
1358 583 1410 642 est

264 700 490 767 manifestum
509 700 546 766 in
560 708 704 788 argente
721 702 802 767 vivo
817 709 852 766 et
871 701 944 768 oleo
961 708 995 767 et
1010 702 1092 788 igne
1109 709 1144 767 et
1159 701 1237 767 aliis
1253 702 1411 768 substan·

262 827 322 892 tiis
340 826 463 910 aereis,
482 827 578 893 utin
596 827 821 914 pinguedinis
834 827 999 905 ‚omnibus
1016 827 1202 915 speciebus

1436 956 1584 1019 5’7113

664 1033 729 1073 Unde
745 1033 880 1073 nulmllauo
895 1033 1010 1083 prosedas.
1432 1046 1525 1109 40*
1538 1044 1576 1108 Ο

221 1205 242 1270 5
354 1199 411 1266 Ad
431 1199 497 1265 hoe
516 1200 640 1286 etiam,
656 1207 696 1266 ut
711 1201 844 1288 aliquid
859 1201 1137 1269 substantialiter
1150 1210 1412 1289 transmutetur,

266 1347 390 1413 nempe
408 1347 499 1391 nova
517 1326 579 1392 fiat
595 1325 645 1392 rei
660 1327 852 1412 generatio,
864 1327 1095 1395 necessarium
1107 1335 1158 1395 est
1170 1328 1287 1395 adesse
1299 1329 1413 1395 ideam

267 1473 327 1516 seu
357 1451 507 1538 speciem
536 1459 673 1540 praeter
702 1452 883 1519 materiam
915 1453 1141 1536 alterabilem;
1166 1461 1293 1520 natura
1320 1455 1413 1520 enim

267 1596 337 1641 non
357 1585 520 1663 operatur
538 1577 606 1642 nisi
625 1584 805 1664 praesente
824 1578 933 1643 veluti
952 1578 1135 1644 simulacro
1161 1586 1196 1645 et
1223 1578 1412 1667 archetype

268 1700 426 1786 quadarn.
446 1704 540 1769 Hino
563 1703 638 1770 sine
669 1705 781 1792 speeie
808 1705 883 1771 auri
913 1713 1094 1792 praesente
1124 1729 1195 1773 non
1225 1714 1413 1793 generatur

207 1839 247 1903 10
271 1852 410 1915 aurum,
427 1831 687 1917 quantumlibet
702 1830 847 1896 materia
866 1832 1142 1899 transmutabilis
1158 1833 1204 1898 sit
1220 1834 1411 1921 aptissima.

268 1957 314 2020 Et
327 1955 389 2021 hoo
402 1955 625 2021 manifestum
641 1963 693 2021 est
709 1957 747 2020 in
763 1955 881 2021 eodem
897 1979 987 2042 pane
1003 1980 1062 2022 seu
1078 1958 1307 2041 nutrimento,
1321 1961 1413 2046 qued

268 2083 305 2147 in
334 2104 418 2147 eane
446 2080 486 2146 fit
514 2082 623 2166 oanis,
651 2082 688 2146 in
714 2082 853 2148 homine
878 2083 993 2164 bomo,
1019 2084 1056 2148 in
1080 2083 1180 2150 simia
1200 2085 1300 2151 simia
1320 2093 1355 2151 et
1376 2087 1412 2151 in

270 2208 347 2274 aliis
367 2208 480 2290 aliud3
502 2216 537 2273 et
556 2208 620 2273 hoe
639 2216 701 2291 est,
722 2208 815 2295 qued
833 2210 946 2275 simile
963 2210 1049 2277 facit
1068 2211 1194 2293 simile,
1215 2213 1355 2303 (simila)
1375 2213 1414 2277 fit

269 2357 289 2398 a
305 2333 420 2399 simili.
435 2333 535 2401 Unde
551 2341 669 2399 tamen
685 2334 969 2420 distinguendum
986 2343 1037 2401 est
1053 2335 1150 2401 iuxta
1169 2335 1360 2421 (lusignata,
1374 2346 1413 2402 ut

208 2461 249 2524 15
272 2457 472 2541 definiatur,
492 2459 662 2543 quomodo
682 2482 724 2524 ex
743 2460 942 2545 contrariis,
962 2460 1132 2546 quomodo
1162 2483 1204 2525 ex
1223 2461 1412 2546 similibus,

270 2583 441 2670 quomodo
461 2607 503 2649 ex
522 2585 667 2652 diversis
686 2586 749 2652 fiat
766 2589 957 2673 generatiO,
982 2587 1142 2654 alteratio
1166 2595 1201 2654 et
1225 2589 1339 2655 omnis
1357 2613 1416 2656 na·

271 2709 395 2776 turalis
414 2711 569 2776 mutatio.

619 2919 652 2958 56.
670 2919 754 2959 Variae
769 2918 889 2969 opiniones
904 2920 1060 2968 antiquorum.

435 3001 479 3039 quo
494 2994 560 3040 paeto
577 2991 616 3031 flat
632 2992 692 3031 aetio
708 2998 730 3032 et
745 2993 832 3042 pusulo,
847 2997 871 3032 ot
884 2992 1047 3032 examinamur
1061 2996 1084 3032 et
1099 2994 1248 3033 adducuntur.

205 3136 249 3200 ‘20
362 3140 585 3227 Empedocles
601 3141 803 3206 mixtionem
817 3140 855 3206 in
869 3141 971 3206 rebus
987 3164 1027 3206 ea
1042 3142 1177 3208 ratione
1193 3142 1415 3209 existimabat

271 3265 360 3346 fieri,
378 3266 549 3331 actionem
567 3267 649 3331 item
665 3274 770 3352 atque
784 3267 993 3354 passionem,
1012 3267 1102 3353 quod
1122 3276 1255 3333 meatus
1275 3269 1414 3352 quidam

272 3398 354 3456 sunt
374 3399 408 3456 et
426 3393 692 3478 penetrationes.
721 3392 813 3457 Hine
842 3392 882 3457 fit
910 3391 1043 3478 videre,
1069 3393 1188 3458 audire
1217 3401 1251 3458 et
1280 3415 1418 3479 quomo-

273 3516 454 3602 docunque
484 3540 545 3603 per
576 3517 662 3582 alios
696 3539 815 3582 seusus
849 3541 950 3602 agere
977 3541 1038 3605 per
1065 3526 1191 3601 aerem,
1226 3542 1349 3605 equmn
1384 3527 1417 3584 et

273 3643 537 3729 transparentia.
563 3643 678 3728 Hique
702 3650 834 3709 meatus
865 3645 901 3709 iu
926 3644 1100 3729 aliquibus
1131 3653 1211 3711 sunt
1236 3646 1361 3731 magis,
1383 3646 1419 3710 iu

208 3770 250 3833 25
275 3767 448 3852 aliquibus
473 3791 554 3834 vero
575 3769 689 3833 minus
718 3768 915 3852 sensibiles;
935 3768 972 3832 iu
992 3768 1152 3835 omnibus
1181 3776 1297 3835 tamen
1322 3778 1420 3852 sunt,

277 3893 557 3978 quamloquidem
576 3895 688 3981 prima
709 3894 882 3980 principia
901 3893 1128 3959 indivisibilia
1160 3917 1229 3959 non
1258 3919 1298 3961 ea
1318 3919 1353 3959 se
1372 3904 1423 3962 at·

278 4018 421 4103 tingunt
440 4019 590 4101 ratione,
612 4040 679 4102 qua
698 4042 805 4084 unum
830 4019 1033 4084 continuum
1063 4042 1227 4104 magnum
1259 4021 1313 4084 vel
1342 4043 1424 4106 par·

281 4165 364 4208 vum
383 4145 438 4208 vel
458 4144 640 4210 minimum
660 4144 769 4232 possit
788 4146 861 4210 fieri
881 4144 1099 4231 expluribus
1126 4144 1219 4209 hisce
1247 4145 1420 4232 partibus,

372 4413 381 4455 l
401 4407 439 4466 in]
465 4414 494 4458 et
514 4406 547 4455 B¹
612 4406 759 4456 ‘linsamo'
780 4424 797 4455 a
816 4407 877 4456 oleo
901 4405 1018 4456 cancella
1040 4405 1106 4469 igne
1129 4406 1153 4455 B
1217 4407 1232 4456 5
1257 4406 1425 4458 muteturO

278 4489 419 4540 tidaeum
435 4489 460 4539 B
523 4487 729 4540 Beimulaehro
745 4487 772 4537 E
834 4487 864 4537 13
881 4486 1001 4546 (simile)
1018 4504 1067 4538 ουι.
1086 4487 1112 4536 Ε
1172 4487 1205 4537 20
1220 4485 1424 4538 mistionemE
