3488 5108
663 413 788 458 nnnsns
809 414 854 458 nn
874 413 988 458 misem.
1344 402 1404 461 465

349 565 458 625 Omnia
479 586 556 641 quae
577 566 706 645 formem
728 569 843 629 habent
869 578 900 629 et
927 570 1084 631 materiam
1106 571 1136 630 in
1159 589 1192 631 se
1213 570 1305 649 ipsiS,
1329 583 1400 630 sunt

258 672 443 749 materialia3
458 674 558 734 omnia
571 673 700 753 physica
720 675 870 753 simplicia
887 676 953 735 sive
968 677 1136 754 composite
1153 677 1227 753 sint,
1247 683 1318 736 sunt
1340 697 1401 736 ma-

259 779 388 840 terialia.

783 986 952 1086 mn·

215 1217 236 1281 ὃ
350 1212 429 1277 Non
448 1213 560 1278 solum
580 1213 777 1280 substantia
796 1213 880 1279 heeo
897 1237 984 1300 qnae
1000 1220 1052 1280 est
1068 1215 1195 1297 anima,
1213 1216 1271 1281 sed
1286 1222 1320 1281 ot
1337 1215 1406 1302 ple-

262 1363 369 1426 raque
389 1341 595 1427 accidentia,
608 1342 668 1407 ubi
680 1351 775 1425 sunt,
792 1349 866 1409 tote
878 1349 968 1426 sunt,
985 1350 1020 1407 et
1035 1365 1096 1429 per
1112 1366 1147 1407 se
1163 1344 1238 1408 looo
1256 1342 1316 1408 ulli
1333 1365 1404 1408 non

261 1465 520 1551 astringuntur,
541 1466 710 1551 siqnidem
730 1477 850 1555 postea
868 1466 909 1532 de
928 1467 1062 1534 ratione
1093 1468 1245 1554 eorporis
1264 1475 1402 1533 tantum

260 1597 312 1655 est·
331 1597 444 1656 totum
464 1591 758 1704 cirpumsoriptive
777 1592 814 1658 in
842 1615 911 1658 uno
940 1593 1055 1680 specio
1084 1614 1144 1657 seu
1173 1592 1263 1675 loce,
1291 1600 1326 1656 et
1354 1614 1407 1656 se-

260 1714 410 1781 cundum
429 1717 626 1783 innumera-s
642 1723 758 1804 partes
775 1717 839 1808 (in)
853 1717 1043 1783 innumeris
1060 1715 1185 1804 spaciis
1200 1721 1304 1802 atque
1321 1715 1406 1783 locis

197 1846 239 1910 10
263 1840 414 1927 reperiri.

353 2058 454 2118 Ratio.
473 2058 557 2120 Istae
575 2059 655 2119 enim
673 2067 745 2120 sunt
761 2060 952 2120 conditiones
964 2061 1144 2136 quantitatis
1162 2061 1323 2120 continnae
1340 2081 1408 2120 con-

264 2167 389 2245 stantis,
408 2167 600 2245 expertibus
621 2166 805 2245 positionem
818 2167 972 2243 habentis,
991 2175 1022 2227 et
1039 2167 1239 2227 terminorum
1257 2169 1404 2245 ipsarum,

261 2293 370 2352 nempe
383 2275 476 2350 linea,
488 2273 679 2351 superficies,
696 2293 806 2352 corpus
821 2282 852 2335 et
866 2281 1006 2351 punctus.
1023 2272 1129 2333 Omnis
1144 2274 1291 2333 terminus
1309 2273 1408 2333 lineae

265 2388 314 2439 est
330 2379 454 2455 alieubi,
471 2387 603 2456 punctus
617 2386 665 2438 est
682 2378 801 2438 alicubi.

1375 2578 1387 2599 ⁴
1431 2567 1585 2632 30vM

786 2611 884 2677 HV
1432 2658 1571 2723 nmo

349 2823 598 2890 Immateriales
618 2823 845 2907 substantiae,
867 2832 906 2889 ut
928 2824 989 2891 ubi
1013 2832 1107 2909 sunt,
1127 2831 1221 2891 totae
1237 2834 1336 2909 sunt,
1358 2826 1406 2892 ita

260 2951 366 3016 etiam
387 2950 423 3015 in
442 2971 510 3016 uno
530 2957 565 3014 et
584 2948 702 3015 eodem
722 2949 851 3036 spacio,
870 2971 909 3015 eo
933 2949 1034 3015 modo
1065 2970 1134 3034 quo
1152 2973 1224 3015 esse
1244 2958 1406 3037 possunt,

261 3082 355 3142 totae
379 3075 415 3140 in
442 3081 516 3140 toto
540 3082 574 3139 et
592 3080 686 3140 totae
710 3075 748 3139 in
767 3074 921 3159 qualibet
944 3074 1406 3161 perteilli11e38ioutetiem

261 3201 466 3285 accidentia,
488 3225 574 3288 queo
593 3224 662 3268 non
681 3210 763 3268 sunt
782 3201 950 3267 terminus
970 3222 1151 3287 corporum
1167 3200 1407 3282 inhaerenter,
1463 3188 1467 3195 ¹

195 3340 239 3403 20
263 3328 300 3393 in
330 3328 447 3393 eodem
477 3326 589 3414 spatio
617 3331 763 3413 possunt
793 3348 864 3391 esse
892 3324 1161 3391 innumerabilia
1182 3331 1255 3390 tota
1276 3324 1407 3410 absque

262 3458 382 3518 mutua
411 3451 663 3539 penetratione,
693 3472 760 3537 qua
781 3451 1009 3516 necessarium
1033 3451 1078 3516 sit
1102 3473 1208 3516 unum
1236 3450 1337 3515 alteri
1358 3472 1409 3515 oe-

260 3577 348 3642 dere.
373 3578 479 3643 Porro
499 3576 615 3642 omnia
635 3583 745 3641 totum
766 3584 853 3659 tote,
873 3582 907 3640 et
927 3575 1034 3641 totius
1059 3598 1176 3641 omnes
1196 3586 1312 3662 partes
1333 3582 1406 3642 tote

261 3705 427 3770 incolunt.

353 4091 402 4142 1.3
416 4090 520 4142 Omnis
532 4103 605 4155 quae
618 4087 676 4155 oto}
695 4103 779 4153 marp.
800 4092 827 4150 (a
840 4105 871 4152 p.
889 4089 953 4148 464,
968 4090 1007 4151 17)
1027 4088 1079 4140 OM
1140 4088 1270 4138 ‘zomata
1285 4087 1407 4152 physice

260 4175 402 4238 simplicia
422 4173 453 4225 0:
475 4168 618 4237 ittqutoice
637 4167 670 4218 M
726 4170 802 4232 sorae
819 4178 843 4230 (,
863 4168 937 4226 sive)
955 4169 1097 4233 simplicio
1160 4173 1229 4218 sunt
1243 4168 1286 4218 M:
1307 4169 1368 4220 sivo
1388 4170 1409 4221 0

258 4256 644 4373 toitqiiaeanimapicw
705 4301 967 4369 ssaqqianpa’amoin
1033 4306 1062 4355 ll
1075 4303 1171 4355 Retio.
1184 4303 1264 4353 Istae
1279 4303 1355 4353 enim
1372 4301 1405 4353 0:

259 4390 337 4455 tuopo
349 4403 400 4453 per
411 4387 458 4437 noi
472 4383 614 4453 itzeyqioite
626 4383 654 4436 ia
663 4385 693 4435 Μ
705 4386 793 4448 (Istae
803 4386 878 4435 onim
889 4401 942 4434 aon
953 4383 1058 4435 seniora
1066 4401 1150 4449 possa
1161 4385 1269 4448 asserui)
1318 4399 1407 4449 quan-

265 4470 362 4520 titatis
371 4469 401 4518 Μ
409 4485 414 4517 :
431 4467 582 4535 qualitatis
597 4465 619 4517 0
681 4466 710 4515 13
723 4465 792 4532 dopo
806 4480 910 4532 corpus
922 4466 944 4515 c’
953 4465 965 4515 ὲ
975 4482 1030 4516 uota
1038 4465 1142 4531 parole
1155 4463 1296 4536 illeppitite
1307 4465 1336 4516 ia
1346 4464 1379 4515 Μ

394 4562 471 4601 naum
487 4561 541 4611 Opp.
556 4562 597 4601 lot.
608 4560 651 4601 111.
1221 4560 1247 4603 59
