3488 5108
548 425 637 470 1111111
658 424 871 470 rarsiooavrr
890 424 1105 470 aarsrornms
1125 424 1323 471 1111111111.
1450 409 1508 468 341

365 587 525 646 naturam
549 580 739 646 subiectam
770 579 930 645 omnibus
962 601 1047 660 esse,
1083 601 1150 665 qua
1180 601 1240 643 ens
1270 584 1305 642 et
1335 600 1443 644 unum
1473 586 1508 643 et

365 704 456 770 idem
470 705 527 790 sit,
548 705 644 771 cuius
664 704 867 770 alteratione
886 703 986 769 aliter
1004 711 1108 788 atque
1127 703 1230 768 aliter
1248 701 1439 768 secundum
1457 702 1511 768 in·

364 830 596 896 numerabiles
612 831 763 896 rationes
782 851 977 917 apparere
998 828 1136 914 quidem
1151 829 1241 894 entis
1258 828 1509 912 diversitatem,

364 955 497 1022 nullam
521 978 602 1021 vero
630 978 722 1021 esse
748 961 948 1021 constanter
975 955 1122 1020 voluere.
1148 953 1242 1019 Hinc
1268 953 1355 1019 illud
1373 960 1449 1019 turn
1467 976 1509 1017 ex

320 1082 341 1147 5
364 1080 608 1169 Pythagoricis
627 1089 702 1147 tum
720 1102 762 1145 ex
781 1079 1035 1168 Aegyptiorum
1058 1086 1093 1144 et
1123 1079 1273 1144 maxima
1297 1077 1509 1144 Graecorum

364 1214 464 1295 parte
481 1207 765 1296 philosophorum
785 1207 1032 1289 monumentis,
1050 1205 1141 1291 quod
1163 1205 1227 1270 sub
1251 1204 1321 1270 sole
1344 1203 1431 1270 nihil
1458 1213 1510 1271 est

365 1358 508 1420 novum,
529 1343 563 1401 et
581 1335 689 1418 idem,
709 1334 801 1421 quod
819 1333 900 1418 fuit,
921 1340 986 1419 est,
1006 1339 1040 1399 et
1059 1329 1178 1425 (quod)
1197 1339 1265 1416 est,
1290 1333 1365 1398 erit.
1386 1333 1509 1419 Itaque

365 1484 501 1528 omnem
531 1461 792 1546 generationem
823 1467 857 1525 et
887 1459 1143 1547 corruptionem
1178 1458 1408 1541 sustulerunt,
1440 1459 1509 1524 nisi

272 1630 277 1640 ·
364 1609 426 1674 per
444 1587 529 1653 haec
551 1587 644 1653 idem
662 1585 918 1673 intelligeretur
938 1582 1030 1671 quod
1049 1582 1221 1666 alteratio,
1242 1605 1330 1669 quae
1350 1582 1509 1650 consistit

300 1715 342 1778 10
364 1714 401 1778 in
420 1712 671 1800 principiorum
699 1711 833 1776 influxu
857 1717 891 1775 et
919 1708 1059 1793 effluxu,
1085 1708 1354 1794 congregatione
1374 1707 1379 1791 Ι
1400 1715 1434 1773 et
1458 1730 1508 1773 se·
1533 1717 1621 1780 36²
1636 1717 1673 1781 c

364 1839 564 1925 paratione,
582 1860 642 1904 seu
658 1836 877 1925 appositione
896 1841 930 1900 et
949 1833 1154 1916 exemtione,
1174 1832 1277 1899 unius
1292 1854 1369 1899 curn
1386 1832 1455 1898 alio
1474 1839 1509 1897 et

366 1965 469 2032 unius
499 1965 542 2031 ab
573 1966 658 2050 alio,
688 1987 776 2050 quae
806 1962 945 2049 quidem
975 1961 1092 2027 onmia
1120 1959 1164 2026 ad
1193 1960 1242 2025 rei
1273 1959 1507 2025 substantiam

364 2090 468 2157 aliam
485 2098 589 2176 atque
608 2090 713 2157 aliam
732 2086 1009 2155 constituendam
1028 2109 1098 2153 non
1116 2085 1265 2167 faciunt,
1286 2084 1346 2150 sed
1362 2107 1442 2149 vere
1462 2083 1507 2149 ad

363 2216 428 2284 hoc
446 2225 486 2284 ut
504 2218 605 2284 aliter
623 2224 728 2303 atque
748 2215 850 2282 aliter
868 2237 904 2280 se
923 2213 1059 2280 habeat.
1099 2282 1100 2288 ἵ

302 2459 343 2522 15
817 2464 851 2503 De
867 2464 1061 2513 augmentatione.

450 2634 700 2719 Augmentatio
718 2640 770 2699 est
786 2635 958 2723 appositio
974 2636 1084 2723 partis
1103 2634 1146 2701 ad
1166 2640 1302 2721 partem
1318 2633 1374 2698 vcl
1394 2633 1507 2720 partis

363 2758 407 2825 ad
425 2766 551 2844 totum,
572 2757 664 2846 quod
691 2760 828 2826 etiamsi
856 2761 901 2826 sit
934 2768 1046 2826 totum
1071 2758 1260 2826 secundum
1280 2758 1446 2846 speciem,
1467 2765 1507 2823 ut

361 2889 455 2950 totus
474 2883 591 2970 homo,
611 2894 685 2950 tota
703 2886 839 2973 planta,
860 2908 930 2952 nou
950 2901 1065 2952 tamen
1084 2885 1205 2971 attigit
1225 2907 1300 2950 eam
1330 2883 1505 2970 magnitu-

362 3007 497 3095 dinem,
518 3033 605 3095 quae
623 3032 687 3097 pro
707 3009 907 3077 condicione
928 3012 933 3100 l
953 3010 1078 3098 speciei
1102 3020 1207 3095 atquc
1231 3008 1404 3075 individui
1433 3030 1507 3096 per·
1531 3010 1610 3072 51‘
1626 3010 1672 3072 Β

296 3156 340 3220 20
362 3135 522 3221 quiritur.
552 3135 635 3201 Eius
670 3136 862 3202 subiectum
896 3143 948 3202 est
981 3135 1185 3222 magnitudo
1216 3158 1276 3201 seu
1308 3134 1507 3220 quantitas;

361 3263 669 3350 praetermittimus
699 3285 774 3328 eam
804 3263 1123 3349 augmentationem
1156 3269 1190 3327 ct
1220 3261 1507 3343 diminutionem,

362 3412 450 3475 quae
466 3388 577 3455 fertur
596 3389 782 3456 secundum
803 3389 1007 3474 qualitatem
1026 3396 1061 3455 et
1084 3389 1260 3454 virtutem.
1292 3388 1506 3474 Augmenta·

362 3515 412 3579 tio
431 3514 605 3580 interdum
624 3514 665 3580 fit
689 3515 876 3581 secundum
900 3514 1143 3597 dimensiones,
1164 3536 1234 3578 non
1253 3519 1368 3578 autem
1390 3534 1510 3577 secun·

362 3639 444 3706 dum
462 3647 596 3727 partes;
617 3647 651 3705 et
670 3640 737 3706 ista
756 3647 807 3706 est
827 3662 996 3728 apparens
1020 3639 1273 3726 augmentatio,
1294 3660 1365 3703 non
1390 3643 1508 3703 autem

295 3778 339 3841 25
361 3790 456 3851 vera,
476 3775 516 3834 ut
535 3767 672 3854 quando
691 3790 733 3833 ex
752 3790 842 3851 aqua
860 3767 901 3832 fit
919 3774 990 3849 aar,
1011 3765 1204 3832 subiectum
1235 3764 1327 3831 idem
1358 3763 1506 3850 suscipit

362 3894 507 3959 maiores
526 3892 770 3977 dimensiones,
790 3915 861 3958 non
891 3899 1006 3957 antem
1036 3891 1151 3979 plures
1182 3899 1308 3978 partes.
1336 3890 1507 3957 Similiter

371 4065 497 4072 ..—.--.-
517 4068 538 4071 ..
550 4067 557 4072 .
590 4068 592 4071 .
620 4068 628 4072 .
640 4066 860 4072 ——.—.-..-...
1049 4064 1181 4070 ——-
1199 4061 1499 4069 ——-—-—-—-

456 4157 469 4205 l
487 4169 559 4220 quae
575 4154 596 4206 0
656 4155 672 4203 3
689 4152 774 4221 entis]
790 4154 895 4203 mentis
908 4152 936 4202 E
996 4153 1011 4200 7
1029 4150 1130 4217 (quod)
1146 4151 1256 4202 Stante:
1269 4167 1318 4200 om.
1329 4149 1357 4199 Ε
1365 4166 1371 4199 :
1385 4166 1399 4198 ο
1413 4150 1507 4215 meplio

364 4238 451 4296 (idem
465 4235 615 4303 quodmn
629 4252 665 4283 uc
677 4241 738 4284 noto
752 4235 898 4299 autoprrtso
912 4233 955 4282 del
971 4233 1064 4282 Bruno
1074 4232 1098 4281 si
1111 4233 1180 4296 leppe
1190 4233 1333 4282 Salomon.
1345 4235 1374 4280 et
1383 4230 1506 4294 Pytliag.

364 4318 438 4379 Quid
453 4316 586 4382 estquod
601 4315 774 4380 estllpsum
792 4314 869 4380 quod
886 4314 952 4364 fuit.
971 4314 1046 4375 Quid
1063 4318 1108 4363 est
1125 4312 1202 4378 quod
1219 4312 1296 4362 fuit?
1314 4313 1411 4375 Ipsum
1430 4308 1507 4375 quod

362 4406 415 4448 est.
426 4398 505 4449 Nihil
514 4397 568 4446 sub
583 4397 642 4446 sole
656 4411 773 4445 novum.
784 4394 826 4457 Os.
838 4392 921 4443 artata
932 4392 1020 4459 sipili.
1032 4392 1154 4459 Sipillor.
1165 4409 1196 4456 1²·
1208 4394 1267 4452 213,
1279 4393 1297 4441 4
1360 4393 1390 4441 21
1404 4389 1507 4451 (snim>

363 4478 447 4528 eam?
494 4473 812 4542 argumentationemll
857 4471 1509 4525 23interdumsecundumdimensioncsfitU
