3488 5108
670 427 800 473 murts
821 427 982 474 rmsurrr
1004 427 1209 474 emmanu.
1453 415 1512 474 153

454 584 590 651 XXVI.
614 583 725 650 Omne
743 584 931 672 particeps,
951 606 1103 670 consors,
1123 606 1273 674 compos.

454 709 609 778 XXVII.
634 709 757 778 Omnis
789 699 1011 799 symphonia,
1040 710 1235 797 harmonia,
1272 711 1509 794 consonantia,

366 835 602 922 congruentia.

454 961 626 1028 XXVIII.
651 961 773 1028 Omnis
804 961 1122 1050 correspondentia,
1153 963 1366 1049 consecuti0,
1396 986 1512 1031 conse·

321 1093 342 1157 5
366 1088 518 1175 quentia,

454 1212 593 1279 XXIX.
619 1212 729 1279 Omne
760 1219 959 1299 venustum,
991 1215 1165 1302 pulcrum,
1201 1215 1404 1300 formosum,
1440 1238 1513 1303 spe-

366 1340 505 1406 ciosum.

454 1464 574 1530 XXX.
600 1463 711 1531 Omne
730 1464 822 1551 quod
841 1471 893 1531 est
912 1465 1100 1533 secundum
1125 1466 1217 1554 quod
1246 1467 1375 1555 ipsum,
1395 1473 1512 1553 quate·

365 1615 430 1659 nus
453 1593 580 1683 ipsum,
601 1599 636 1658 et
659 1592 822 1660 convenit
844 1593 949 1660 alicui
973 1592 1161 1660 secundum
1186 1593 1278 1680 quod
1296 1593 1510 1678 huiusmodi,

300 1732 343 1794 10
364 1718 421 1785 vel
439 1741 500 1806 per
519 1741 554 1784 se
573 1725 608 1784 et
626 1718 774 1807 proprie.

454 1844 545 1911 Usus
565 1844 704 1930 quidem
722 1846 914 1932 praesentis
937 1845 1142 1933 multiplicis
1171 1845 1437 1933 significationis
1467 1845 1511 1912 ad

364 1970 481 2036 omnia
501 1970 691 2056 aequaliter
717 1970 861 2058 respicit
890 1979 925 2037 et
948 1971 985 2037 in
1011 1971 1172 2039 omnibus
1200 1972 1333 2059 pariter
1360 1971 1511 2039 exerceri

364 2103 488 2184 potest.
518 2095 617 2163 Licet
648 2102 764 2163 autem
794 2097 832 2163 in
862 2096 1043 2185 superficie
1072 2097 1338 2185 significationis
1369 2097 1511 2185 quidam

364 2223 505 2289 termini
529 2224 631 2289 certis
656 2223 961 2309 significandarum
980 2224 1171 2311 specierum
1196 2223 1510 2312 significationibus

301 2352 341 2416 lt
366 2349 436 2416 sint
455 2348 719 2434 accommodati,
738 2350 788 2416 ita
812 2357 929 2416 tamen
959 2350 997 2416 in
1024 2349 1089 2416 hac
1116 2349 1316 2438 capiuntur,
1345 2358 1385 2417 ut
1413 2351 1511 2418 iuxta

364 2474 534 2541 rationem
552 2475 730 2563 propriam
749 2475 910 2542 omnibus
929 2475 1244 2560 accommodentur,
1260 2482 1382 2565 utpote
1402 2477 1511 2544 omni-

364 2600 429 2667 bus
448 2599 763 2668 accommodabiles.
783 2601 836 2667 De
860 2601 986 2689 quibus
1010 2623 1092 2688 ergo
1116 2601 1256 2667 termini
1280 2600 1339 2668 isti
1369 2603 1509 2691 proprie

364 2726 540 2812 dicuntur,
561 2734 724 2794 maneant
747 2734 782 2792 et
807 2727 989 2815 capiantur
1012 2727 1112 2793 iuxta
1135 2727 1310 2815 propriam
1335 2728 1508 2814 significa·

364 2853 507 2938 tionem,
521 2853 562 2918 de
576 2853 702 2939 quibus
718 2876 800 2921 vero
818 2852 983 2921 dicuntur
998 2851 1292 2937 similitudinarie,
1307 2853 1357 2920 ita
1370 2855 1508 2922 utillud

297 2978 342 3042 20
364 2978 591 3046 assimilatum
611 3002 681 3046 non
700 2980 826 3047 habeat
844 2980 1023 3071 proprium
1047 3002 1172 3046 nomen
1202 2980 1412 3068 appositum,
1443 2989 1509 3048 ter·

363 3105 450 3172 mini
470 3105 656 3194 capiuntur
675 3105 908 3194 metaphorice
928 3107 982 3172 vel
1002 3129 1080 3172 cum
1097 3112 1180 3173 nota
1199 3106 1450 3174 similitudinis:
1468 3116 1508 3175 ut

363 3253 441 3297 curn
461 3230 612 3297 dicemus
629 3232 677 3298 ita
698 3232 846 3317 iustitia,
863 3232 1094 3320 temperantia
1110 3239 1145 3298 et
1160 3232 1349 3320 prudentia
1368 3240 1450 3299 sunt
1468 3233 1507 3301 in

363 3356 480 3423 eodem
498 3379 624 3442 genere
643 3357 797 3442 virtutis,
818 3357 908 3424 sicut
927 3358 963 3423 in
983 3357 1101 3424 eodem
1121 3357 1282 3446 collegio,
1300 3359 1456 3425 conclavi
1472 3368 1507 3425 et

363 3482 588 3549 contubernio
612 3489 694 3549 sunt
712 3483 797 3548 certi
815 3484 983 3567 homines3
1008 3483 1058 3550 ita
1086 3484 1196 3550 veluti
1224 3484 1368 3551 eandem
1395 3484 1508 3552 inten-

295 3599 338 3662 25
363 3606 503 3692 tionem,
524 3607 830 3696 conspirationem,
851 3609 1034 3697 appulsum
1065 3609 1226 3676 obtinent
1254 3616 1288 3674 et
1319 3609 1355 3675 in
1387 3608 1506 3676 eodem

361 3732 430 3799 fine
449 3733 657 3818 consistunt,
682 3733 772 3800 sicut
801 3740 836 3800 et
867 3758 907 3801 ea
939 3757 1027 3821 quae
1055 3735 1245 3802 secundum
1274 3735 1506 3802 intentionem

361 3866 471 3943 agunt
490 3866 524 3924 et
543 3859 767 3947 intelligunt;
787 3860 838 3926 ita
862 3862 990 3949 quippe
1009 3860 1076 3927 sibi
1106 3860 1255 3927 invicem
1283 3868 1408 3947 parent
1438 3860 1506 3926 vir-

361 3989 465 4068 tutes,
486 3985 577 4052 sicut
595 3985 752 4052 virtuosi.

452 4262 468 4312 9
485 4261 645 4312 cuiusmodi
662 4261 694 4311 M
756 4263 785 4312 12
803 4261 896 4312 exerci
913 4263 937 4311 A
1004 4264 1034 4312 14
1051 4262 1177 4322 termini]
1200 4260 1342 4312 detineam
1359 4261 1464 4313 incerta
1480 4263 1504 4313 A

360 4343 615 4405 significandarum
630 4342 676 4393 M:
690 4343 920 4406 gnificandarum
934 4343 956 4391 A
1015 4345 1044 4394 15
1055 4344 1103 4406 sit,
1118 4361 1134 4392 a
1148 4349 1248 4408 quanto
1261 4341 1374 4403 scrabra,
1390 4341 1424 4404 A,
1439 4344 1505 4395 doec

360 4424 592 4475 accommodatus
611 4421 755 4488 (?)1rrimc
771 4423 843 4474 dello
859 4422 1010 4474 correzr'onc
1072 4423 1125 4475 hcc
1142 4425 1172 4474 in
1190 4429 1278 4482 (arte)
1297 4422 1329 4472 Μ
1390 4425 1421 4474 22
1435 4430 1505 4476 tem·

358 4504 541 4573 percutiant]
557 4510 586 4556 et
597 4504 788 4571 temperantia
801 4504 838 4556 A:
854 4521 903 4557 om.
918 4505 963 4567 M,
978 4504 1043 4556 dccc
1054 4504 1214 4556 Prudentia
1228 4508 1312 4563 (cto.)

492 4600 568 4642 Bsurr
585 4600 638 4651 opp.
655 4601 696 4640 tut.
712 4601 754 4642 111.
1318 4598 1345 4641 to
