3488 5108
1050 1392 1182 1453 naturali

666 1499 715 1560 De
735 1500 856 1559 vinculo
878 1498 1005 1579 spiritns
1023 1400 1173 1560 lanimali

1051 1607 1164 1668 divino.

443 1895 501 1955 His
518 1895 633 1969 absque
651 1892 787 1954 medicus
800 1911 860 1952 non
875 1901 935 1969 est,
955 1891 1109 1953 divinator
1126 1905 1260 1970 nonest,
1280 1903 1425 1974 operator
1441 1917 1502 1958 non

317 2016 338 2078 5
362 2011 422 2079 est,
442 2009 559 2063 amator
579 2021 637 2062 non
660 2007 720 2074 est,
750 1999 952 2079 philosophus
973 2019 1031 2058 non
1054 2008 1104 2061 est
1130 2010 1188 2061 etc.
1211 2000 1216 2081 Ι
1239 2001 1301 2062 Per
1328 2002 1402 2064 baec
1431 2011 1502 2064 sunt

361 2129 466 2170 omnes
484 2109 593 2169 omnia.

440 2215 524 2277 Nihil
552 2216 691 2276 absolute
720 2213 877 2293 pulchrum
903 2214 985 2292 quod
1006 2215 1133 2295 vinciat,
1158 2217 1213 2278 sed
1235 2216 1274 2278 ad
1299 2217 1416 2295 aliquid
1438 2219 1501 2297 pul·

334 2303 338 2312 ⁵
361 2321 465 2380 ebrum
474 2341 482 2397 ς
497 2320 608 2398 alioqui
624 2320 702 2382 asini
716 2330 854 2382 amarent
871 2326 875 2399 Ι
895 2321 1038 2399 pulchras
1056 2323 1210 2400 mulieres,
1225 2322 1330 2384 simiae
1342 2322 1503 2384 abolerent

361 2428 449 2490 filios.
465 2427 613 2489 Similiter
625 2427 702 2488 nihil
715 2428 855 2488 absolute
871 2429 982 2488 bonum
993 2429 1074 2508 quod
1093 2430 1097 2511 Ι
1115 2428 1242 2507 alliciat,
1256 2427 1311 2490 sed
1323 2448 1390 2490 cum
1402 2430 1504 2490 omnia

298 2546 339 2609 10
361 2555 415 2596 seu
431 2535 606 2597 uuiversum
623 2546 655 2596 et
672 2555 726 2596 ens
748 2546 797 2596 est
818 2555 855 2596 ex
872 2537 1048 2613 contrariis,
1068 2537 1112 2596 ita
1133 2544 1164 2597 et
1184 2536 1296 2596 bonum
1313 2544 1363 2597 est
1381 2554 1418 2596 ex
1436 2556 1500 2597 con·

360 2642 481 2719 trariis;
505 2643 510 2724 1
529 2650 601 2704 sunt
614 2642 692 2704 enim
710 2643 771 2703 alia
787 2664 865 2721 quae
883 2643 1055 2704 consistunt
1070 2646 1154 2721 igne,
1173 2644 1234 2704 alia
1251 2664 1328 2722 quae
1346 2664 1424 2722 aqna
1442 2653 1500 2705 etc.

573 2797 609 2851 Se
625 2796 651 2851 si
665 2802 785 2868 potesse
800 2798 818 2853 d
834 2803 864 2853 te
880 2797 1002 2854 chiuder
1018 2799 1175 2869 l’entrata,

626 2887 700 2942 tant’
715 2886 737 2940 il
751 2904 845 2958 regno
860 2887 888 2941 d'
896 2905 980 2943 amor
995 2889 1075 2944 saria
1089 2888 1140 2961 pin
1155 2906 1244 2961 vago.

440 3041 612 3102 Honestum
629 3050 660 3102 et
677 3041 791 3102 iustum
808 3042 898 3102 civile
915 3042 985 3119 lege
1003 3043 1125 3104 videtur
1146 3062 1227 3119 esse,
1248 3050 1280 3103 et
1297 3063 1357 3103 nou
1375 3049 1504 3118 natura;

298 3150 337 3214 lb
360 3147 415 3209 sed
433 3149 534 3226 opinio
552 3149 679 3208 multum
696 3148 780 3209 valet
798 3150 802 3229 Ι
821 3148 859 3207 ad
879 3149 1030 3225 habitum,
1049 3159 1082 3210 ut
1099 3151 1186 3227 quasi
1205 3149 1343 3209 naturale
1361 3149 1402 3209 sit
1419 3147 1501 3224 quod
1566 3134 1570 3144 ¹

360 3266 524 3338 appetatur
541 3266 572 3318 et
589 3259 703 3318 vinciat
719 3258 901 3337 appetitum,
924 3267 956 3318 et
973 3279 990 3318 o
1009 3268 1122 3318 contra.

439 3365 553 3426 Evenit
569 3376 604 3426 ut
620 3366 700 3427 idem
719 3364 925 3427 diversimode
943 3365 1126 3443 dispositum
1144 3364 1296 3424 vinciatur
1313 3371 1345 3422 et
1361 3383 1421 3422 uon
1440 3361 1503 3420 vin·

360 3472 473 3532 oiatnr:
503 3484 536 3533 ut
562 3474 593 3532 in
614 3474 735 3535 Venere
754 3474 759 3554 Ι
777 3473 1052 3534 intumescentibus
1074 3471 1158 3532 vasis
1180 3479 1212 3532 et
1231 3470 1370 3543 inanitis,
1391 3470 1421 3528 in
1442 3478 1505 3527 tur·

361 3577 432 3636 bato
451 3585 482 3636 et
499 3576 662 3653 tranquillo
680 3576 796 3651 animo;
814 3575 843 3633 iu
861 3575 937 3635 cibis
956 3575 1046 3636 etiam
1064 3574 1144 3634 idem
1164 3584 1168 3648 Ι
1188 3572 1285 3633 eidem
1304 3579 1353 3632 est
1367 3591 1502 3631 amarum

293 3693 338 3757 20
361 3693 392 3745 et
410 3684 510 3762 dulce,
535 3705 601 3745 cum
623 3683 831 3745 diversimode
852 3682 1032 3743 afficiantur.
1049 3682 1090 3741 Et
1108 3689 1313 3766 praegnantes
1330 3677 1393 3739 vidi
1411 3697 1503 3758 appe·

361 3799 428 3853 tere
446 3796 450 3867 1
469 3791 595 3854 cineres.

455 4138 557 4204 7.9cs.
571 4137 1012 4204 Opp.ital.p.604,25aqq.Ln9.
1060 4131 1417 4200 aalioquinnutoslawski
1464 4130 1505 4183 in·

361 4221 444 4271 ncnzi
469 4239 486 4270 a
509 4219 608 4270 simiae
632 4218 736 4283 parole
761 4217 909 4268 cancellata
931 4212 1148 4266 ucll'iaterlinea
1212 4215 1370 4273 abolerent]
1393 4214 1427 4277 cf.
1450 4229 1504 4278 per

361 4317 396 4351 ce.
411 4317 533 4366 coprem.
548 4302 663 4359 446,10.
681 4299 757 4351 Cant.
775 4296 884 4360 ceap.
896 4297 1001 4357 240,14
1016 4295 1098 4346 Imbr.
1147 4293 1349 4347 9aliciatBrt
1398 4295 1502 4352 omnia]

361 4376 851 4445 cinanmomum)Latoolausla·
914 4379 943 4429 11
961 4392 1018 4443 qua
1032 4373 1165 4441 {aprima
1179 4377 1251 4425 oolla
1265 4374 1333 4425 Bra
1396 4375 1505 4424 12130

362 4479 389 4529 p.
401 4462 456 4528 688,
466 4462 482 4512 3
494 4463 529 4528 cf.
544 4464 612 4527 Opp.
622 4459 681 4511 ital.
688 4476 718 4524 p.
731 4462 793 4521 630,
803 4461 832 4509 16
843 4474 898 4523 sqq.
963 4459 1002 4508 15.
1013 4458 1043 4507 16
1060 4457 1137 4523 quod
1158 4456 1307 4523 appetitur
1322 4452 1503 4505 Lutoolawalci
