<?xml version="1.0" encoding="UTF-8"?>
<!DOCTYPE html PUBLIC "-//W3C//DTD XHTML 1.0 Transitional//EN"
    "http://www.w3.org/TR/xhtml1/DTD/xhtml1-transitional.dtd">
<html xmlns="http://www.w3.org/1999/xhtml" xml:lang="en" lang="en">
 <head>
  <title>
</title>
<meta http-equiv="Content-Type" content="text/html;charset=utf-8" />
  <meta name='ocr-system' content='tesseract 3.04.00' />
  <meta name='ocr-capabilities' content='ocr_page ocr_carea ocr_par ocr_line ocrx_word'/>
</head>
<body>
  <div class='ocr_page' id='page_1' title='image "./jordanibruninol05brungoog_0550.png"; bbox 0 0 3488 5108; ppageno 0'>
   <div class='ocr_carea' id='block_1_1' title="bbox 778 412 1509 471">
    <p class='ocr_par' dir='ltr' id='par_1_1' title="bbox 778 412 1509 471">
     <span class='ocr_line' id='line_1_1' title="bbox 778 412 1509 471; baseline 0.008 -6"><span class='ocrx_word' id='word_1_1' title='bbox 778 420 967 467; x_wconf 81' lang='lat' dir='ltr'>rurenses</span> <span class='ocrx_word' id='word_1_2' title='bbox 988 422 1103 470; x_wconf 69' lang='lat' dir='ltr'>neeri.</span> <span class='ocrx_word' id='word_1_3' title='bbox 1450 412 1509 471; x_wconf 81' lang='grc'>483</span> 
     </span>
    </p>
   </div>
   <div class='ocr_carea' id='block_1_2' title="bbox 301 579 1688 1623">
    <p class='ocr_par' dir='ltr' id='par_1_2' title="bbox 369 579 1688 982">
     <span class='ocr_line' id='line_1_2' title="bbox 460 579 1688 661; baseline 0.008 -25"><span class='ocrx_word' id='word_1_4' title='bbox 460 579 552 637; x_wconf 84' lang='lat' dir='ltr'>Ratio</span> <span class='ocrx_word' id='word_1_5' title='bbox 579 579 649 654; x_wconf 89' lang='lat' dir='ltr'>qnia</span> <span class='ocrx_word' id='word_1_6' title='bbox 670 579 721 639; x_wconf 95' lang='lat' dir='ltr'>ubi</span> <span class='ocrx_word' id='word_1_7' title='bbox 738 599 849 657; x_wconf 90' lang='lat' dir='ltr'>corpus</span> <span class='ocrx_word' id='word_1_8' title='bbox 870 580 963 639; x_wconf 90' lang='lat' dir='ltr'>suerit</span> <span class='ocrx_word' id='word_1_9' title='bbox 989 599 1138 658; x_wconf 87' lang='lat' dir='ltr'>crassum,</span> <span class='ocrx_word' id='word_1_10' title='bbox 1155 581 1345 658; x_wconf 82' lang='lat' dir='ltr'>hebetatum,</span> <span class='ocrx_word' id='word_1_11' title='bbox 1369 583 1502 661; x_wconf 87' lang='lat' dir='ltr'>tardum,</span> <span class='ocrx_word' id='word_1_12' title='bbox 1532 582 1620 645; x_wconf 76' lang='lat'>36‘</span> <span class='ocrx_word' id='word_1_13' title='bbox 1633 585 1688 646; x_wconf 90' lang='lat' dir='ltr'>M</span> 
     </span>
     <span class='ocr_line' id='line_1_3' title="bbox 371 686 1503 767; baseline 0.006 -23"><span class='ocrx_word' id='word_1_14' title='bbox 371 686 497 764; x_wconf 85' lang='lat' dir='ltr'>spiritus</span> <span class='ocrx_word' id='word_1_15' title='bbox 518 687 606 744; x_wconf 88' lang='lat' dir='ltr'>etiam</span> <span class='ocrx_word' id='word_1_16' title='bbox 635 687 694 746; x_wconf 89' lang='lat' dir='ltr'>erit</span> <span class='ocrx_word' id='word_1_17' title='bbox 715 706 899 764; x_wconf 88' lang='lat' dir='ltr'>suppressus</span> <span class='ocrx_word' id='word_1_18' title='bbox 916 695 948 746; x_wconf 92' lang='lat' dir='ltr'>et</span> <span class='ocrx_word' id='word_1_19' title='bbox 965 687 1072 763; x_wconf 88' lang='lat' dir='ltr'>hebes,</span> <span class='ocrx_word' id='word_1_20' title='bbox 1091 707 1198 748; x_wconf 89' lang='lat' dir='ltr'>sensus</span> <span class='ocrx_word' id='word_1_21' title='bbox 1219 709 1280 748; x_wconf 91' lang='lat' dir='ltr'>non</span> <span class='ocrx_word' id='word_1_22' title='bbox 1301 690 1414 767; x_wconf 89' lang='lat' dir='ltr'>poterit</span> <span class='ocrx_word' id='word_1_23' title='bbox 1435 710 1503 751; x_wconf 86' lang='lat' dir='ltr'>esse</span> 
     </span>
     <span class='ocr_line' id='line_1_4' title="bbox 369 795 1506 873; baseline 0.004 -19"><span class='ocrx_word' id='word_1_24' title='bbox 369 795 544 870; x_wconf 82' lang='lat' dir='ltr'>exquisitus,</span> <span class='ocrx_word' id='word_1_25' title='bbox 553 815 620 855; x_wconf 91' lang='lat' dir='ltr'>cnm</span> <span class='ocrx_word' id='word_1_26' title='bbox 630 816 686 855; x_wconf 87' lang='lat' dir='ltr'>nae</span> <span class='ocrx_word' id='word_1_27' title='bbox 697 796 775 855; x_wconf 89' lang='lat' dir='ltr'>bene</span> <span class='ocrx_word' id='word_1_28' title='bbox 785 797 969 856; x_wconf 87' lang='lat' dir='ltr'>Aristoteles</span> <span class='ocrx_word' id='word_1_29' title='bbox 982 795 1157 856; x_wconf 89' lang='lat' dir='ltr'>&#39;deficiente</span> <span class='ocrx_word' id='word_1_30' title='bbox 1167 796 1267 873; x_wconf 86' lang='lat' dir='ltr'>aliquo</span> <span class='ocrx_word' id='word_1_31' title='bbox 1279 815 1370 857; x_wconf 84' lang='lat' dir='ltr'>sensu</span> <span class='ocrx_word' id='word_1_32' title='bbox 1380 818 1506 859; x_wconf 88' lang='lat' dir='ltr'>necesse</span> 
     </span>
     <span class='ocr_line' id='line_1_5' title="bbox 369 902 1508 982; baseline 0.003 -21"><span class='ocrx_word' id='word_1_33' title='bbox 369 910 417 961; x_wconf 90' lang='lat' dir='ltr'>est</span> <span class='ocrx_word' id='word_1_34' title='bbox 429 902 560 977; x_wconf 79' lang='lat' dir='ltr'>aliquam</span> <span class='ocrx_word' id='word_1_35' title='bbox 572 903 731 962; x_wconf 86' lang='lat' dir='ltr'>seientiam</span> <span class='ocrx_word' id='word_1_36' title='bbox 749 902 880 962; x_wconf 89' lang='lat' dir='ltr'>deficere</span> <span class='ocrx_word' id='word_1_37' title='bbox 892 905 908 962; x_wconf 76' lang='lat'>³.</span> <span class='ocrx_word' id='word_1_38' title='bbox 923 903 1005 963; x_wconf 91' lang='lat' dir='ltr'>Hinc</span> <span class='ocrx_word' id='word_1_39' title='bbox 1014 903 1101 980; x_wconf 85' lang='lat' dir='ltr'>ratio,</span> <span class='ocrx_word' id='word_1_40' title='bbox 1114 922 1190 977; x_wconf 89' lang='lat' dir='ltr'>quae</span> <span class='ocrx_word' id='word_1_41' title='bbox 1203 904 1363 982; x_wconf 79' lang='lat' dir='ltr'><strong>speciebus</strong></span> <span class='ocrx_word' id='word_1_42' title='bbox 1381 905 1508 965; x_wconf 91' lang='lat' dir='ltr'>sensibi·</span> 
     </span>
    </p>

    <p class='ocr_par' dir='ltr' id='par_1_3' title="bbox 324 990 1509 1517">
     <span class='ocr_line' id='line_1_6' title="bbox 324 990 1509 1088; baseline 0 -16"><span class='ocrx_word' id='word_1_43' title='bbox 324 1010 344 1072; x_wconf 82' lang='lat'>5</span> <span class='ocrx_word' id='word_1_44' title='bbox 367 1008 447 1068; x_wconf 89' lang='lat' dir='ltr'>libne</span> <span class='ocrx_word' id='word_1_45' title='bbox 458 1009 648 1084; x_wconf 89' lang='lat' dir='ltr'>informatur,</span> <span class='ocrx_word' id='word_1_46' title='bbox 663 1022 789 1087; x_wconf 90' lang='lat' dir='ltr'>propter</span> <span class='ocrx_word' id='word_1_47' title='bbox 801 1011 972 1070; x_wconf 90' lang='lat' dir='ltr'>nuntiorum</span> <span class='ocrx_word' id='word_1_48' title='bbox 987 1011 1121 1088; x_wconf 88' lang='lat' dir='ltr'>ipsorum</span> <span class='ocrx_word' id='word_1_49' title='bbox 1135 1009 1389 1088; x_wconf 77' lang='lat' dir='ltr'>imbecillitatem,</span> <span class='ocrx_word' id='word_1_50' title='bbox 1404 990 1509 1072; x_wconf 88' lang='lat' dir='ltr'>incon-</span> 
     </span>
     <span class='ocr_line' id='line_1_7' title="bbox 368 1116 1506 1196; baseline 0.002 -22"><span class='ocrx_word' id='word_1_51' title='bbox 368 1116 512 1175; x_wconf 88' lang='lat' dir='ltr'>stantiam</span> <span class='ocrx_word' id='word_1_52' title='bbox 523 1125 554 1176; x_wconf 88' lang='lat' dir='ltr'>et</span> <span class='ocrx_word' id='word_1_53' title='bbox 568 1117 773 1176; x_wconf 79' lang='lat' dir='ltr'>lubricitatem</span> <span class='ocrx_word' id='word_1_54' title='bbox 788 1128 1009 1193; x_wconf 72' lang='lat' dir='ltr'>consequenter</span> <span class='ocrx_word' id='word_1_55' title='bbox 1023 1116 1161 1192; x_wconf 89' lang='lat' dir='ltr'>fluctuat,</span> <span class='ocrx_word' id='word_1_56' title='bbox 1173 1128 1203 1177; x_wconf 91' lang='lat' dir='ltr'>et</span> <span class='ocrx_word' id='word_1_57' title='bbox 1218 1117 1284 1177; x_wconf 88' lang='lat' dir='ltr'>loeo</span> <span class='ocrx_word' id='word_1_58' title='bbox 1300 1119 1506 1196; x_wconf 84' lang='lat' dir='ltr'>experientiae</span> 
     </span>
     <span class='ocr_line' id='line_1_8' title="bbox 367 1224 1507 1303; baseline 0 -20"><span class='ocrx_word' id='word_1_59' title='bbox 367 1224 563 1301; x_wconf 87' lang='lat' dir='ltr'>perturbatus</span> <span class='ocrx_word' id='word_1_60' title='bbox 584 1224 707 1299; x_wconf 85' lang='lat' dir='ltr'>quidam</span> <span class='ocrx_word' id='word_1_61' title='bbox 727 1224 850 1285; x_wconf 86' lang='lat' dir='ltr'>habitus</span> <span class='ocrx_word' id='word_1_62' title='bbox 873 1225 1037 1285; x_wconf 85' lang='lat' dir='ltr'>secundum</span> <span class='ocrx_word' id='word_1_63' title='bbox 1059 1225 1224 1285; x_wconf 85' lang='lat' dir='ltr'>notabilem</span> <span class='ocrx_word' id='word_1_64' title='bbox 1241 1244 1259 1284; x_wconf 87' lang='lat' dir='ltr'>a</span> <span class='ocrx_word' id='word_1_65' title='bbox 1279 1225 1416 1303; x_wconf 90' lang='lat' dir='ltr'>pluribus</span> <span class='ocrx_word' id='word_1_66' title='bbox 1435 1245 1507 1285; x_wconf 91' lang='lat' dir='ltr'>con·</span> 
     </span>
     <span class='ocr_line' id='line_1_9' title="bbox 367 1329 1505 1410; baseline 0.002 -22"><span class='ocrx_word' id='word_1_67' title='bbox 367 1329 513 1390; x_wconf 87' lang='lat' dir='ltr'>ditionem</span> <span class='ocrx_word' id='word_1_68' title='bbox 535 1329 730 1407; x_wconf 83' lang='lat' dir='ltr'>consequitur</span> <span class='ocrx_word' id='word_1_69' title='bbox 752 1330 845 1410; x_wconf 89' lang='lat' dir='ltr'>(unde</span> <span class='ocrx_word' id='word_1_70' title='bbox 866 1331 987 1408; x_wconf 89' lang='lat' dir='ltr'>quidam</span> <span class='ocrx_word' id='word_1_71' title='bbox 1013 1330 1100 1391; x_wconf 90' lang='lat' dir='ltr'>stulti</span> <span class='ocrx_word' id='word_1_72' title='bbox 1121 1340 1153 1392; x_wconf 91' lang='lat' dir='ltr'>et</span> <span class='ocrx_word' id='word_1_73' title='bbox 1169 1340 1306 1391; x_wconf 89' lang='lat' dir='ltr'>amentes</span> <span class='ocrx_word' id='word_1_74' title='bbox 1326 1331 1505 1410; x_wconf 87' lang='lat' dir='ltr'>habentur),</span> 
     </span>
     <span class='ocr_line' id='line_1_10' title="bbox 366 1436 1507 1517; baseline 0 -21"><span class='ocrx_word' id='word_1_75' title='bbox 366 1436 417 1496; x_wconf 92' lang='lat' dir='ltr'>vel</span> <span class='ocrx_word' id='word_1_76' title='bbox 433 1457 493 1497; x_wconf 92' lang='lat' dir='ltr'>non</span> <span class='ocrx_word' id='word_1_77' title='bbox 509 1457 606 1514; x_wconf 90' lang='lat' dir='ltr'>usque</span> <span class='ocrx_word' id='word_1_78' title='bbox 624 1438 700 1499; x_wconf 90' lang='lat' dir='ltr'>adeo</span> <span class='ocrx_word' id='word_1_79' title='bbox 718 1438 885 1498; x_wconf 81' lang='lat' dir='ltr'>notabilem</span> <span class='ocrx_word' id='word_1_80' title='bbox 903 1439 961 1497; x_wconf 91' lang='lat' dir='ltr'>nisi</span> <span class='ocrx_word' id='word_1_81' title='bbox 980 1438 1134 1517; x_wconf 79' lang='lat' dir='ltr'>apuuois3</span> <span class='ocrx_word' id='word_1_82' title='bbox 1151 1446 1183 1499; x_wconf 90' lang='lat' dir='ltr'>et</span> <span class='ocrx_word' id='word_1_83' title='bbox 1199 1438 1242 1498; x_wconf 87' lang='lat' dir='ltr'>ita</span> <span class='ocrx_word' id='word_1_84' title='bbox 1257 1437 1409 1498; x_wconf 90' lang='lat' dir='ltr'>interdum</span> <span class='ocrx_word' id='word_1_85' title='bbox 1428 1437 1507 1497; x_wconf 88' lang='lat' dir='ltr'>tales</span> 
     </span>
    </p>

    <p class='ocr_par' dir='ltr' id='par_1_4' title="bbox 301 1544 868 1623">
     <span class='ocr_line' id='line_1_11' title="bbox 301 1544 868 1623; baseline -0.002 -18"><span class='ocrx_word' id='word_1_86' title='bbox 301 1552 344 1615; x_wconf 86' lang='lat'>10</span> <span class='ocrx_word' id='word_1_87' title='bbox 367 1544 459 1605; x_wconf 88' lang='lat' dir='ltr'>etiam</span> <span class='ocrx_word' id='word_1_88' title='bbox 476 1544 631 1623; x_wconf 80' lang='lat' dir='ltr'>sapientae</span> <span class='ocrx_word' id='word_1_89' title='bbox 649 1545 868 1606; x_wconf 87' lang='lat' dir='ltr'>existimantur.</span> 
     </span>
    </p>
   </div>
   <div class='ocr_carea' id='block_1_3' title="bbox 868 1770 1014 1836">
    <p class='ocr_par' dir='ltr' id='par_1_5' title="bbox 868 1770 1014 1836">
     <span class='ocr_line' id='line_1_12' title="bbox 868 1770 1014 1836; baseline -0.007 0"><span class='ocrx_word' id='word_1_90' title='bbox 868 1770 1014 1836; x_wconf 90' lang='lat' dir='ltr'>XLVII.</span> 
     </span>
    </p>
   </div>
   <div class='ocr_carea' id='block_1_4' title="bbox 299 1974 1507 2691">
    <p class='ocr_par' dir='ltr' id='par_1_6' title="bbox 453 1974 1503 2063">
     <span class='ocr_line' id='line_1_13' title="bbox 453 1974 1503 2063; baseline 0.002 -23"><span class='ocrx_word' id='word_1_91' title='bbox 453 1976 590 2063; x_wconf 87' lang='lat' dir='ltr'>Duplex</span> <span class='ocrx_word' id='word_1_92' title='bbox 605 1998 625 2040; x_wconf 88' lang='lat' dir='ltr'>a</span> <span class='ocrx_word' id='word_1_93' title='bbox 641 1975 811 2062; x_wconf 84' lang='lat' dir='ltr'>theologis</span> <span class='ocrx_word' id='word_1_94' title='bbox 823 1997 932 2060; x_wconf 85' lang='lat' dir='ltr'>genus</span> <span class='ocrx_word' id='word_1_95' title='bbox 949 1974 1117 2040; x_wconf 88' lang='lat' dir='ltr'>stultitiae</span> <span class='ocrx_word' id='word_1_96' title='bbox 1130 1997 1198 2040; x_wconf 91' lang='lat' dir='ltr'>non</span> <span class='ocrx_word' id='word_1_97' title='bbox 1215 1974 1503 2042; x_wconf 87' lang='lat' dir='ltr'>irrationabiliter</span> 
     </span>
    </p>

    <p class='ocr_par' dir='ltr' id='par_1_7' title="bbox 364 2099 1502 2315">
     <span class='ocr_line' id='line_1_14' title="bbox 365 2099 1502 2187; baseline 0 -21"><span class='ocrx_word' id='word_1_98' title='bbox 365 2109 415 2184; x_wconf 90' lang='lat' dir='ltr'>(ut</span> <span class='ocrx_word' id='word_1_99' title='bbox 435 2099 525 2186; x_wconf 88' lang='lat' dir='ltr'>quod</span> <span class='ocrx_word' id='word_1_100' title='bbox 549 2101 653 2166; x_wconf 90' lang='lat' dir='ltr'>etiam</span> <span class='ocrx_word' id='word_1_101' title='bbox 673 2100 870 2186; x_wconf 88' lang='lat' dir='ltr'>philosophi</span> <span class='ocrx_word' id='word_1_102' title='bbox 895 2100 1021 2165; x_wconf 88' lang='lat' dir='ltr'>debent</span> <span class='ocrx_word' id='word_1_103' title='bbox 1040 2107 1236 2187; x_wconf 84' lang='lat' dir='ltr'>agnoscere)</span> <span class='ocrx_word' id='word_1_104' title='bbox 1256 2099 1452 2185; x_wconf 80' lang='lat' dir='ltr'>adducitur,</span> <span class='ocrx_word' id='word_1_105' title='bbox 1474 2102 1502 2166; x_wconf 88' lang='lat' dir='ltr'>si</span> 
     </span>
     <span class='ocr_line' id='line_1_15' title="bbox 364 2227 1502 2315; baseline -0.002 -19"><span class='ocrx_word' id='word_1_106' title='bbox 364 2231 508 2297; x_wconf 88' lang='lat' dir='ltr'>stultum</span> <span class='ocrx_word' id='word_1_107' title='bbox 527 2229 730 2294; x_wconf 84' lang='lat' dir='ltr'>definiamus</span> <span class='ocrx_word' id='word_1_108' title='bbox 749 2251 826 2293; x_wconf 90' lang='lat' dir='ltr'>eum</span> <span class='ocrx_word' id='word_1_109' title='bbox 851 2227 910 2312; x_wconf 90' lang='lat' dir='ltr'>qui</span> <span class='ocrx_word' id='word_1_110' title='bbox 929 2250 999 2292; x_wconf 90' lang='lat' dir='ltr'>nen</span> <span class='ocrx_word' id='word_1_111' title='bbox 1018 2228 1109 2315; x_wconf 89' lang='lat' dir='ltr'>sapit</span> <span class='ocrx_word' id='word_1_112' title='bbox 1128 2236 1168 2294; x_wconf 91' lang='lat' dir='ltr'>ut</span> <span class='ocrx_word' id='word_1_113' title='bbox 1185 2229 1412 2294; x_wconf 87' lang='lat' dir='ltr'>communiter</span> <span class='ocrx_word' id='word_1_114' title='bbox 1443 2253 1502 2294; x_wconf 89' lang='lat' dir='ltr'>seu</span> 
     </span>
    </p>

    <p class='ocr_par' dir='ltr' id='par_1_8' title="bbox 299 2351 1507 2691">
     <span class='ocr_line' id='line_1_16' title="bbox 299 2351 1501 2439; baseline -0.002 -18"><span class='ocrx_word' id='word_1_115' title='bbox 299 2367 339 2431; x_wconf 77' lang='lat'>15</span> <span class='ocrx_word' id='word_1_116' title='bbox 363 2363 402 2421; x_wconf 93' lang='lat' dir='ltr'>ut</span> <span class='ocrx_word' id='word_1_117' title='bbox 420 2355 553 2439; x_wconf 82' lang='lat' dir='ltr'>uulgus.</span> <span class='ocrx_word' id='word_1_118' title='bbox 574 2353 648 2418; x_wconf 89' lang='lat' dir='ltr'>Hoc</span> <span class='ocrx_word' id='word_1_119' title='bbox 662 2361 777 2418; x_wconf 91' lang='lat' dir='ltr'>autem</span> <span class='ocrx_word' id='word_1_120' title='bbox 796 2351 970 2438; x_wconf 87' lang='lat' dir='ltr'>contingit</span> <span class='ocrx_word' id='word_1_121' title='bbox 989 2352 1192 2439; x_wconf 86' lang='lat' dir='ltr'>dupliciter:</span> <span class='ocrx_word' id='word_1_122' title='bbox 1207 2375 1275 2418; x_wconf 90' lang='lat' dir='ltr'>uno</span> <span class='ocrx_word' id='word_1_123' title='bbox 1293 2362 1393 2439; x_wconf 88' lang='lat' dir='ltr'>pecto</span> <span class='ocrx_word' id='word_1_124' title='bbox 1407 2352 1501 2418; x_wconf 83' lang='lat' dir='ltr'>infra</span> 
     </span>
     <span class='ocr_line' id='line_1_17' title="bbox 363 2477 1507 2566; baseline -0.003 -21"><span class='ocrx_word' id='word_1_125' title='bbox 363 2480 460 2565; x_wconf 80' lang='lat' dir='ltr'>vulgi</span> <span class='ocrx_word' id='word_1_126' title='bbox 480 2479 676 2566; x_wconf 88' lang='lat' dir='ltr'>opinionem</span> <span class='ocrx_word' id='word_1_127' title='bbox 696 2485 731 2542; x_wconf 87' lang='lat' dir='ltr'>et</span> <span class='ocrx_word' id='word_1_128' title='bbox 754 2477 903 2542; x_wconf 87' lang='lat' dir='ltr'>deterius</span> <span class='ocrx_word' id='word_1_129' title='bbox 922 2477 1111 2562; x_wconf 87' lang='lat' dir='ltr'>sentiend0,</span> <span class='ocrx_word' id='word_1_130' title='bbox 1132 2499 1255 2565; x_wconf 90' lang='lat' dir='ltr'>nempe</span> <span class='ocrx_word' id='word_1_131' title='bbox 1275 2500 1377 2544; x_wconf 88' lang='lat' dir='ltr'>sensu</span> <span class='ocrx_word' id='word_1_132' title='bbox 1395 2486 1430 2543; x_wconf 92' lang='lat' dir='ltr'>et</span> <span class='ocrx_word' id='word_1_133' title='bbox 1450 2501 1507 2543; x_wconf 90' lang='lat' dir='ltr'>co-</span> 
     </span>
     <span class='ocr_line' id='line_1_18' title="bbox 362 2602 1505 2691; baseline -0.002 -21"><span class='ocrx_word' id='word_1_134' title='bbox 362 2605 532 2691; x_wconf 89' lang='lat' dir='ltr'>gitatione</span> <span class='ocrx_word' id='word_1_135' title='bbox 552 2603 662 2689; x_wconf 80' lang='lat' dir='ltr'>magis</span> <span class='ocrx_word' id='word_1_136' title='bbox 681 2602 832 2667; x_wconf 89' lang='lat' dir='ltr'>tenebris</span> <span class='ocrx_word' id='word_1_137' title='bbox 853 2602 1027 2685; x_wconf 89' lang='lat' dir='ltr'>immersa;</span> <span class='ocrx_word' id='word_1_138' title='bbox 1047 2609 1081 2667; x_wconf 91' lang='lat' dir='ltr'>et</span> <span class='ocrx_word' id='word_1_139' title='bbox 1100 2625 1204 2689; x_wconf 90' lang='lat' dir='ltr'>supra</span> <span class='ocrx_word' id='word_1_140' title='bbox 1228 2603 1326 2689; x_wconf 86' lang='lat' dir='ltr'>vulgi</span> <span class='ocrx_word' id='word_1_141' title='bbox 1349 2626 1505 2688; x_wconf 87' lang='lat' dir='ltr'>sensnm,</span> 
     </span>
    </p>
   </div>
   <div class='ocr_carea' id='block_1_5' title="bbox 362 2727 1503 2816">
    <p class='ocr_par' dir='ltr' id='par_1_9' title="bbox 362 2727 1503 2816">
     <span class='ocr_line' id='line_1_19' title="bbox 362 2727 1503 2816; baseline -0.004 -21"><span class='ocrx_word' id='word_1_142' title='bbox 362 2737 482 2816; x_wconf 87' lang='lat' dir='ltr'>utpote</span> <span class='ocrx_word' id='word_1_143' title='bbox 493 2729 655 2815; x_wconf 87' lang='lat' dir='ltr'>opinione</span> <span class='ocrx_word' id='word_1_144' title='bbox 666 2727 769 2793; x_wconf 86' lang='lat' dir='ltr'>altius</span> <span class='ocrx_word' id='word_1_145' title='bbox 780 2735 976 2813; x_wconf 82' lang='lat' dir='ltr'>emergente</span> <span class='ocrx_word' id='word_1_146' title='bbox 986 2734 1020 2793; x_wconf 92' lang='lat' dir='ltr'>et</span> <span class='ocrx_word' id='word_1_147' title='bbox 1031 2727 1171 2813; x_wconf 88' lang='lat' dir='ltr'>ingenio</span> <span class='ocrx_word' id='word_1_148' title='bbox 1181 2727 1357 2813; x_wconf 83' lang='lat' dir='ltr'>animique</span> <span class='ocrx_word' id='word_1_149' title='bbox 1368 2729 1503 2794; x_wconf 90' lang='lat' dir='ltr'>obtutu.</span> 
     </span>
    </p>
   </div>
   <div class='ocr_carea' id='block_1_6' title="bbox 296 2930 1504 3980">
    <p class='ocr_par' dir='ltr' id='par_1_10' title="bbox 452 2930 1501 3012">
     <span class='ocr_line' id='line_1_20' title="bbox 452 2930 1501 3012; baseline 0.001 -20"><span class='ocrx_word' id='word_1_150' title='bbox 452 2935 498 2992; x_wconf 82' lang='lat' dir='ltr'>Ex</span> <span class='ocrx_word' id='word_1_151' title='bbox 526 2934 623 3011; x_wconf 91' lang='lat' dir='ltr'>primo</span> <span class='ocrx_word' id='word_1_152' title='bbox 650 2951 764 3008; x_wconf 80' lang='lat' dir='ltr'>genere</span> <span class='ocrx_word' id='word_1_153' title='bbox 794 2939 865 2990; x_wconf 90' lang='lat' dir='ltr'>sunt</span> <span class='ocrx_word' id='word_1_154' title='bbox 892 2932 978 2992; x_wconf 87' lang='lat' dir='ltr'>stulti</span> <span class='ocrx_word' id='word_1_155' title='bbox 999 2930 1180 3010; x_wconf 89' lang='lat' dir='ltr'>simpliciter</span> <span class='ocrx_word' id='word_1_156' title='bbox 1205 2944 1236 2994; x_wconf 91' lang='lat' dir='ltr'>et</span> <span class='ocrx_word' id='word_1_157' title='bbox 1259 2935 1445 3012; x_wconf 85' lang='lat' dir='ltr'>respective,</span> <span class='ocrx_word' id='word_1_158' title='bbox 1464 2955 1501 2995; x_wconf 85' lang='lat' dir='ltr'>ex</span> 
     </span>
    </p>

    <p class='ocr_par' dir='ltr' id='par_1_11' title="bbox 296 3041 1504 3980">
     <span class='ocr_line' id='line_1_21' title="bbox 296 3041 1503 3119; baseline 0 -18"><span class='ocrx_word' id='word_1_159' title='bbox 296 3045 340 3108; x_wconf 81' lang='lat'>20</span> <span class='ocrx_word' id='word_1_160' title='bbox 362 3041 496 3101; x_wconf 89' lang='lat' dir='ltr'>secundo</span> <span class='ocrx_word' id='word_1_161' title='bbox 524 3042 695 3119; x_wconf 87' lang='lat' dir='ltr'>respective</span> <span class='ocrx_word' id='word_1_162' title='bbox 723 3050 848 3101; x_wconf 88' lang='lat' dir='ltr'>tantum.</span> <span class='ocrx_word' id='word_1_163' title='bbox 877 3042 1013 3101; x_wconf 89' lang='lat' dir='ltr'>Primum</span> <span class='ocrx_word' id='word_1_164' title='bbox 1034 3061 1072 3102; x_wconf 87' lang='lat' dir='ltr'>ex</span> <span class='ocrx_word' id='word_1_165' title='bbox 1098 3043 1285 3118; x_wconf 85' lang='lat' dir='ltr'>turbatione,</span> <span class='ocrx_word' id='word_1_166' title='bbox 1303 3043 1448 3102; x_wconf 85' lang='lat' dir='ltr'>mixtione</span> <span class='ocrx_word' id='word_1_167' title='bbox 1472 3053 1503 3101; x_wconf 89' lang='lat' dir='ltr'>et</span> 
     </span>
     <span class='ocr_line' id='line_1_22' title="bbox 363 3148 1503 3228; baseline -0.001 -19"><span class='ocrx_word' id='word_1_168' title='bbox 363 3149 554 3225; x_wconf 86' lang='lat' dir='ltr'>confusione;</span> <span class='ocrx_word' id='word_1_169' title='bbox 572 3149 734 3207; x_wconf 88' lang='lat' dir='ltr'>secundnm</span> <span class='ocrx_word' id='word_1_170' title='bbox 756 3168 792 3207; x_wconf 86' lang='lat' dir='ltr'>ex</span> <span class='ocrx_word' id='word_1_171' title='bbox 810 3148 982 3225; x_wconf 84' lang='lat' dir='ltr'>digestione</span> <span class='ocrx_word' id='word_1_172' title='bbox 998 3158 1030 3208; x_wconf 91' lang='lat' dir='ltr'>et</span> <span class='ocrx_word' id='word_1_173' title='bbox 1045 3148 1240 3210; x_wconf 84' lang='lat' dir='ltr'>distinetione</span> <span class='ocrx_word' id='word_1_174' title='bbox 1255 3158 1286 3210; x_wconf 94' lang='lat' dir='ltr'>et</span> <span class='ocrx_word' id='word_1_175' title='bbox 1302 3150 1407 3210; x_wconf 91' lang='lat' dir='ltr'>ordine</span> <span class='ocrx_word' id='word_1_176' title='bbox 1426 3150 1503 3228; x_wconf 91' lang='lat' dir='ltr'>prin-</span> 
     </span>
     <span class='ocr_line' id='line_1_23' title="bbox 362 3254 1501 3335; baseline 0.004 -22"><span class='ocrx_word' id='word_1_177' title='bbox 362 3256 508 3333; x_wconf 88' lang='lat' dir='ltr'>cipiorum</span> <span class='ocrx_word' id='word_1_178' title='bbox 525 3254 715 3331; x_wconf 79' lang='lat' dir='ltr'>cognitionis.</span> <span class='ocrx_word' id='word_1_179' title='bbox 733 3257 868 3315; x_wconf 89' lang='lat' dir='ltr'>Primum</span> <span class='ocrx_word' id='word_1_180' title='bbox 886 3277 983 3332; x_wconf 85' lang='lat' dir='ltr'>genus</span> <span class='ocrx_word' id='word_1_181' title='bbox 994 3256 1074 3316; x_wconf 90' lang='lat' dir='ltr'>solet</span> <span class='ocrx_word' id='word_1_182' title='bbox 1089 3275 1158 3317; x_wconf 88' lang='lat' dir='ltr'>esse</span> <span class='ocrx_word' id='word_1_183' title='bbox 1172 3276 1209 3317; x_wconf 88' lang='lat' dir='ltr'>ex</span> <span class='ocrx_word' id='word_1_184' title='bbox 1226 3255 1432 3335; x_wconf 90' lang='lat' dir='ltr'>praedominio</span> <span class='ocrx_word' id='word_1_185' title='bbox 1451 3258 1501 3317; x_wconf 93' lang='lat' dir='ltr'>ali·</span> 
     </span>
     <span class='ocr_line' id='line_1_24' title="bbox 361 3362 1504 3443; baseline 0.001 -20"><span class='ocrx_word' id='word_1_186' title='bbox 361 3363 446 3423; x_wconf 88' lang='lat' dir='ltr'>euius</span> <span class='ocrx_word' id='word_1_187' title='bbox 474 3363 599 3440; x_wconf 83' lang='lat' dir='ltr'>spiritus</span> <span class='ocrx_word' id='word_1_188' title='bbox 623 3362 745 3439; x_wconf 87' lang='lat' dir='ltr'>furiosi,</span> <span class='ocrx_word' id='word_1_189' title='bbox 767 3364 966 3440; x_wconf 85' lang='lat' dir='ltr'>irrationalis,</span> <span class='ocrx_word' id='word_1_190' title='bbox 990 3364 1179 3443; x_wconf 87' lang='lat' dir='ltr'>praecipitis,</span> <span class='ocrx_word' id='word_1_191' title='bbox 1201 3364 1388 3424; x_wconf 86' lang='lat' dir='ltr'>inhaerentis</span> <span class='ocrx_word' id='word_1_192' title='bbox 1410 3375 1504 3424; x_wconf 87' lang='lat' dir='ltr'>mate·</span> 
     </span>
     <span class='ocr_line' id='line_1_25' title="bbox 362 3470 1501 3550; baseline 0.002 -22"><span class='ocrx_word' id='word_1_193' title='bbox 362 3471 438 3546; x_wconf 89' lang='lat' dir='ltr'>riae,</span> <span class='ocrx_word' id='word_1_194' title='bbox 469 3470 549 3529; x_wconf 91' lang='lat' dir='ltr'>unde</span> <span class='ocrx_word' id='word_1_195' title='bbox 570 3471 696 3547; x_wconf 87' lang='lat' dir='ltr'>spiritus</span> <span class='ocrx_word' id='word_1_196' title='bbox 724 3472 866 3549; x_wconf 89' lang='lat' dir='ltr'>proprius</span> <span class='ocrx_word' id='word_1_197' title='bbox 890 3472 1024 3533; x_wconf 88' lang='lat' dir='ltr'>universi</span> <span class='ocrx_word' id='word_1_198' title='bbox 1051 3471 1148 3550; x_wconf 88' lang='lat' dir='ltr'>ipsius</span> <span class='ocrx_word' id='word_1_199' title='bbox 1170 3471 1343 3550; x_wconf 86' lang='lat' dir='ltr'>particulari</span> <span class='ocrx_word' id='word_1_200' title='bbox 1372 3492 1427 3532; x_wconf 89' lang='lat' dir='ltr'>seu</span> <span class='ocrx_word' id='word_1_201' title='bbox 1448 3473 1501 3532; x_wconf 89' lang='lat' dir='ltr'>mi·</span> 
     </span>
     <span class='ocr_line' id='line_1_26' title="bbox 296 3578 1501 3656; baseline 0.002 -20"><span class='ocrx_word' id='word_1_202' title='bbox 296 3581 339 3644; x_wconf 72' lang='lat'>25</span> <span class='ocrx_word' id='word_1_203' title='bbox 362 3597 516 3637; x_wconf 88' lang='lat' dir='ltr'>crocosrno</span> <span class='ocrx_word' id='word_1_204' title='bbox 535 3578 693 3655; x_wconf 84' lang='lat' dir='ltr'>torpescit,</span> <span class='ocrx_word' id='word_1_205' title='bbox 713 3598 766 3636; x_wconf 86' lang='lat' dir='ltr'>sen</span> <span class='ocrx_word' id='word_1_206' title='bbox 784 3589 817 3637; x_wconf 91' lang='lat' dir='ltr'>nt</span> <span class='ocrx_word' id='word_1_207' title='bbox 836 3579 878 3637; x_wconf 88' lang='lat' dir='ltr'>ita</span> <span class='ocrx_word' id='word_1_208' title='bbox 894 3579 992 3638; x_wconf 88' lang='lat' dir='ltr'>dicam</span> <span class='ocrx_word' id='word_1_209' title='bbox 1010 3580 1171 3656; x_wconf 88' lang='lat' dir='ltr'>stupescit,</span> <span class='ocrx_word' id='word_1_210' title='bbox 1192 3579 1353 3656; x_wconf 89' lang='lat' dir='ltr'>peregrino</span> <span class='ocrx_word' id='word_1_211' title='bbox 1371 3578 1501 3653; x_wconf 88' lang='lat' dir='ltr'>quodem</span> 
     </span>
     <span class='ocr_line' id='line_1_27' title="bbox 363 3684 1500 3762; baseline 0.003 -19"><span class='ocrx_word' id='word_1_212' title='bbox 363 3695 394 3743; x_wconf 89' lang='lat' dir='ltr'>et</span> <span class='ocrx_word' id='word_1_213' title='bbox 410 3684 579 3745; x_wconf 90' lang='lat' dir='ltr'>adventitio</span> <span class='ocrx_word' id='word_1_214' title='bbox 597 3696 756 3761; x_wconf 84' lang='lat' dir='ltr'>grassante</span> <span class='ocrx_word' id='word_1_215' title='bbox 774 3686 825 3745; x_wconf 92' lang='lat' dir='ltr'>ubi</span> <span class='ocrx_word' id='word_1_216' title='bbox 847 3687 944 3762; x_wconf 87' lang='lat' dir='ltr'>magis</span> <span class='ocrx_word' id='word_1_217' title='bbox 966 3686 1017 3746; x_wconf 91' lang='lat' dir='ltr'>ubi</span> <span class='ocrx_word' id='word_1_218' title='bbox 1035 3687 1141 3746; x_wconf 90' lang='lat' dir='ltr'>minus.</span> <span class='ocrx_word' id='word_1_219' title='bbox 1161 3687 1245 3745; x_wconf 84' lang='lat' dir='ltr'>Sicut</span> <span class='ocrx_word' id='word_1_220' title='bbox 1262 3706 1335 3762; x_wconf 89' lang='lat' dir='ltr'>ergo</span> <span class='ocrx_word' id='word_1_221' title='bbox 1354 3707 1391 3747; x_wconf 86' lang='lat' dir='ltr'>ex</span> <span class='ocrx_word' id='word_1_222' title='bbox 1409 3687 1500 3746; x_wconf 90' lang='lat' dir='ltr'>nimio</span> 
     </span>
     <span class='ocr_line' id='line_1_28' title="bbox 360 3793 1502 3873; baseline 0.001 -19"><span class='ocrx_word' id='word_1_223' title='bbox 360 3793 423 3854; x_wconf 83' lang='lat' dir='ltr'>vini</span> <span class='ocrx_word' id='word_1_224' title='bbox 442 3801 515 3871; x_wconf 88' lang='lat' dir='ltr'>potu</span> <span class='ocrx_word' id='word_1_225' title='bbox 533 3793 643 3852; x_wconf 89' lang='lat' dir='ltr'>accidit</span> <span class='ocrx_word' id='word_1_226' title='bbox 659 3794 743 3853; x_wconf 89' lang='lat' dir='ltr'>surer</span> <span class='ocrx_word' id='word_1_227' title='bbox 764 3804 796 3854; x_wconf 90' lang='lat' dir='ltr'>et</span> <span class='ocrx_word' id='word_1_228' title='bbox 819 3795 978 3873; x_wconf 84' lang='lat' dir='ltr'>multiplex</span> <span class='ocrx_word' id='word_1_229' title='bbox 994 3797 1167 3855; x_wconf 87' lang='lat' dir='ltr'>inordinata</span> <span class='ocrx_word' id='word_1_230' title='bbox 1185 3795 1335 3872; x_wconf 88' lang='lat' dir='ltr'>incitatio,</span> <span class='ocrx_word' id='word_1_231' title='bbox 1361 3796 1440 3855; x_wconf 88' lang='lat' dir='ltr'>sicut</span> <span class='ocrx_word' id='word_1_232' title='bbox 1465 3815 1502 3855; x_wconf 83' lang='lat' dir='ltr'>ex</span> 
     </span>
     <span class='ocr_line' id='line_1_29' title="bbox 361 3903 1504 3980; baseline 0.004 -22"><span class='ocrx_word' id='word_1_233' title='bbox 361 3909 657 3978; x_wconf 87' lang='lat' dir='ltr'>contemperamento</span> <span class='ocrx_word' id='word_1_234' title='bbox 682 3910 772 3976; x_wconf 89' lang='lat' dir='ltr'>atque</span> <span class='ocrx_word' id='word_1_235' title='bbox 800 3912 873 3980; x_wconf 91' lang='lat' dir='ltr'>potu</span> <span class='ocrx_word' id='word_1_236' title='bbox 897 3903 1014 3963; x_wconf 91' lang='lat' dir='ltr'>animus</span> <span class='ocrx_word' id='word_1_237' title='bbox 1039 3904 1130 3964; x_wconf 87' lang='lat' dir='ltr'>etiem</span> <span class='ocrx_word' id='word_1_238' title='bbox 1151 3903 1326 3964; x_wconf 87' lang='lat' dir='ltr'>subtiliatur</span> <span class='ocrx_word' id='word_1_239' title='bbox 1348 3912 1437 3980; x_wconf 87' lang='lat' dir='ltr'>atque</span> <span class='ocrx_word' id='word_1_240' title='bbox 1458 3923 1504 3963; x_wconf 92' lang='lat' dir='ltr'>re·</span> 
     </span>
    </p>
   </div>
   <div class='ocr_carea' id='block_1_7' title="bbox 357 4153 1506 4542">
    <p class='ocr_par' dir='ltr' id='par_1_12' title="bbox 357 4153 1506 4542">
     <span class='ocr_line' id='line_1_30' title="bbox 454 4153 1506 4220; baseline 0.002 -19"><span class='ocrx_word' id='word_1_241' title='bbox 454 4154 469 4201; x_wconf 82' lang='lat'>2</span> <span class='ocrx_word' id='word_1_242' title='bbox 486 4160 571 4203; x_wconf 88' lang='lat' dir='ltr'>erunt</span> <span class='ocrx_word' id='word_1_243' title='bbox 589 4155 736 4216; x_wconf 83' lang='lat' dir='ltr'>suppressi</span> <span class='ocrx_word' id='word_1_244' title='bbox 754 4162 784 4204; x_wconf 87' lang='lat' dir='ltr'>et</span> <span class='ocrx_word' id='word_1_245' title='bbox 800 4154 918 4204; x_wconf 81' lang='lat' dir='ltr'>hebetes</span> <span class='ocrx_word' id='word_1_246' title='bbox 938 4156 960 4207; x_wconf 75' lang='lat' dir='ltr'>(J</span> <span class='ocrx_word' id='word_1_247' title='bbox 1020 4156 1036 4205; x_wconf 83' lang='lat'><strong>3</strong></span> <span class='ocrx_word' id='word_1_248' title='bbox 1052 4169 1088 4205; x_wconf 91' lang='lat' dir='ltr'>ne</span> <span class='ocrx_word' id='word_1_249' title='bbox 1102 4154 1125 4206; x_wconf 81' lang='lat'><em>0</em></span> <span class='ocrx_word' id='word_1_250' title='bbox 1134 4169 1160 4215; x_wconf 84' lang='lat' dir='ltr'>e,</span> <span class='ocrx_word' id='word_1_251' title='bbox 1174 4173 1191 4203; x_wconf 84' lang='lat' dir='ltr'>a</span> <span class='ocrx_word' id='word_1_252' title='bbox 1208 4160 1306 4218; x_wconf 77' lang='lat' dir='ltr'>quanto</span> <span class='ocrx_word' id='word_1_253' title='bbox 1323 4170 1406 4220; x_wconf 80' lang='lat' dir='ltr'>pore,</span> <span class='ocrx_word' id='word_1_254' title='bbox 1422 4155 1454 4204; x_wconf 85' lang='grc' dir='ltr'><em>Μ</em></span> <span class='ocrx_word' id='word_1_255' title='bbox 1461 4172 1466 4202; x_wconf 87' lang='lat'>:</span> <span class='ocrx_word' id='word_1_256' title='bbox 1480 4153 1506 4203; x_wconf 80' lang='lat' dir='ltr'>ri</span> 
     </span>
     <span class='ocr_line' id='line_1_31' title="bbox 360 4225 1502 4295; baseline 0.004 -14"><span class='ocrx_word' id='word_1_257' title='bbox 360 4232 763 4295; x_wconf 72' lang='lat' dir='ltr'>aspetterebbedefiniatosim.</span> <span class='ocrx_word' id='word_1_258' title='bbox 828 4225 896 4284; x_wconf 54' lang='lat' dir='ltr'>affl-s</span> <span class='ocrx_word' id='word_1_259' title='bbox 917 4235 960 4285; x_wconf 81' lang='lat' dir='ltr'>M:</span> <span class='ocrx_word' id='word_1_260' title='bbox 983 4234 1194 4287; x_wconf 81' lang='lat' dir='ltr'>AristotelieO</span> <span class='ocrx_word' id='word_1_261' title='bbox 1259 4237 1309 4285; x_wconf 69' lang='lat' dir='ltr'>rlr.</span> <span class='ocrx_word' id='word_1_262' title='bbox 1329 4235 1410 4285; x_wconf 75' lang='grc' dir='ltr'>Ᾱπαί.</span> <span class='ocrx_word' id='word_1_263' title='bbox 1430 4235 1502 4286; x_wconf 80' lang='lat' dir='ltr'>I&#39;orl.</span> 
     </span>
     <span class='ocr_line' id='line_1_32' title="bbox 360 4313 1504 4380; baseline 0.003 -19"><span class='ocrx_word' id='word_1_264' title='bbox 360 4315 380 4361; x_wconf 87' lang='lat' dir='ltr'>.·l</span> <span class='ocrx_word' id='word_1_265' title='bbox 388 4316 426 4362; x_wconf 81' lang='lat'>13.</span> <span class='ocrx_word' id='word_1_266' title='bbox 447 4315 493 4361; x_wconf 70' lang='lat'>81⁰</span> <span class='ocrx_word' id='word_1_267' title='bbox 510 4315 546 4362; x_wconf 81' lang='lat'>38</span> <span class='ocrx_word' id='word_1_268' title='bbox 604 4313 653 4364; x_wconf 65' lang='lat' dir='ltr'>te</span> <span class='ocrx_word' id='word_1_269' title='bbox 666 4314 991 4364; x_wconf 71' lang='lat' dir='ltr'>conilitioconditionenr</span> <span class='ocrx_word' id='word_1_270' title='bbox 1002 4315 1033 4364; x_wconf 80' lang='lat' dir='ltr'><em>M</em></span> <span class='ocrx_word' id='word_1_271' title='bbox 1042 4318 1047 4350; x_wconf 92' lang='lat'><strong>¹</strong></span> <span class='ocrx_word' id='word_1_272' title='bbox 1111 4317 1141 4366; x_wconf 78' lang='grc'>13</span> <span class='ocrx_word' id='word_1_273' title='bbox 1154 4315 1307 4366; x_wconf 78' lang='lat' dir='ltr'>adducitur</span> <span class='ocrx_word' id='word_1_274' title='bbox 1318 4315 1349 4364; x_wconf 81' lang='grc' dir='ltr'><em>Μ</em></span> <span class='ocrx_word' id='word_1_275' title='bbox 1359 4315 1407 4380; x_wconf 68' lang='lat' dir='ltr'>til:</span> <span class='ocrx_word' id='word_1_276' title='bbox 1418 4316 1504 4365; x_wconf 87' lang='lat' dir='ltr'>addu-</span> 
     </span>
     <span class='ocr_line' id='line_1_33' title="bbox 359 4394 1502 4463; baseline 0.001 -20"><span class='ocrx_word' id='word_1_277' title='bbox 359 4394 469 4445; x_wconf 79' lang='lat' dir='ltr'>coreG</span> <span class='ocrx_word' id='word_1_278' title='bbox 532 4396 560 4443; x_wconf 86' lang='grc'>17</span> <span class='ocrx_word' id='word_1_279' title='bbox 575 4394 767 4458; x_wconf 77' lang='lat' dir='ltr'>vulgnlet&#39;</span> <span class='ocrx_word' id='word_1_280' title='bbox 827 4396 1088 4447; x_wconf 76' lang='lat' dir='ltr'>20mietionet&#39;d1</span> <span class='ocrx_word' id='word_1_281' title='bbox 1148 4395 1502 4463; x_wconf 69' lang='lat' dir='ltr'>21.22prinoipumll1(n</span> 
     </span>
     <span class='ocr_line' id='line_1_34' title="bbox 357 4474 1091 4542; baseline 0.003 -15"><span class='ocrx_word' id='word_1_282' title='bbox 357 4477 388 4528; x_wconf 67' lang='lat'>21</span> <span class='ocrx_word' id='word_1_283' title='bbox 399 4474 580 4540; x_wconf 69' lang='lat' dir='ltr'>finniverso</span> <span class='ocrx_word' id='word_1_284' title='bbox 647 4476 746 4542; x_wconf 79' lang='lat' dir='ltr'>ipsie&#39;</span> <span class='ocrx_word' id='word_1_285' title='bbox 806 4476 1091 4529; x_wconf 77' lang='lat' dir='ltr'>25utdicamiteG</span> 
     </span>
    </p>
   </div>
   <div class='ocr_carea' id='block_1_8' title="bbox 0 0 1748 5108">
    <p class='ocr_par' dir='ltr' id='par_1_13' title="bbox 0 0 1748 5108">
     <span class='ocr_line' id='line_1_35' title="bbox 0 0 1748 5108; baseline 0 3"><span class='ocrx_word' id='word_1_286' title='bbox 0 0 1748 5108; x_wconf 95' lang='lat' dir='ltr'> </span> 
     </span>
    </p>
   </div>
  </div>
 </body>
</html>
