3488 5108
284 375 345 433 234
722 381 863 428 rounam
882 381 985 427 namu

285 542 371 609 ratis
389 539 577 608 secundnm
596 559 714 605 eorum
732 559 869 624 genera.
890 538 1073 606 Processus
1092 546 1209 605 autem
1228 538 1279 606 ita
1297 541 1370 622 fiet,
1390 546 1430 604 ut

285 670 380 738 istud
399 669 593 736 subiectum
610 690 672 755 per
687 666 841 732 membra
858 666 1013 734 Atlantis
1033 675 1068 735 et
1083 668 1278 756 Typhonis,
1295 669 1360 735 hoo
1378 676 1431 735 est

285 797 476 885 primorum
495 794 641 860 duorum
661 791 870 877 Gigantum,
890 798 1047 859 transeat
1063 793 1106 860 ad
1119 794 1372 881 praedicatum
1391 795 1429 862 in

285 920 449 988 membris
468 918 561 985 enim
589 917 753 1004 (ligantis
777 916 960 1004 formatur,
985 918 1216 1004 modificatur,
1240 920 1428 1006 glossator,

242 1050 263 1115 5
286 1044 524 1134 distinguitur.
554 1043 795 1110 Subiectorum
819 1065 901 1130 ergo
925 1045 994 1110 alia
1018 1051 1099 1115 sunt
1122 1040 1198 1132 ipsa
1223 1047 1278 1131 [et]
1306 1044 1367 1111 lux
1394 1052 1430 1111 et

249 1234 254 1243 .
285 1171 480 1261 plenitudo,
501 1169 570 1237 alia
589 1175 671 1236 sunt
690 1169 766 1258 ipsa
785 1136 937 1236 inanitas
953 1177 989 1235 et
1007 1169 1183 1252 tenebrae3
1204 1170 1273 1236 alia
1291 1169 1430 1257 partici-

285 1298 344 1388 pia
363 1304 445 1364 sunt
478 1295 668 1382 utriusque.
692 1295 739 1361 Et
761 1295 884 1362 horum
908 1294 1076 1381 quaedam
1109 1294 1321 1382 proximiora
1349 1303 1431 1363 sunt

285 1424 365 1510 luci,
377 1422 548 1510 quaedam
567 1420 778 1509 proximiora
793 1420 957 1505 tenebris,
974 1420 1143 1506 quaedam
1160 1421 1432 1508 aequidistantia

286 1574 382 1620 vero:
403 1550 487 1617 haec
507 1548 645 1636 quidem
663 1546 848 1634 simplicia,
867 1547 952 1613 haec
975 1569 1056 1614 vero
1076 1546 1274 1635 composita.
1300 1547 1432 1615 Lucida

223 1686 265 1749 10
288 1699 384 1764 ergo,
406 1682 576 1763 quatenus
596 1674 724 1758 lucida,
742 1677 782 1738 nt
800 1673 838 1738 in
853 1672 1029 1761 pluribus,
1049 1697 1111 1762 per
1130 1672 1287 1741 dextram
1306 1675 1434 1742 utrius-

289 1825 355 1890 que
375 1801 540 1890 Gigantie
564 1799 772 1883 formantur,
803 1821 910 1887 opaca
927 1822 990 1887 per
1021 1800 1211 1887 sinistram,
1234 1801 1344 1868 mixta
1363 1825 1433 1868 una

290 1929 429 2015 quidem
444 1926 580 1994 ratione
593 1947 656 2013 per
671 1924 773 2010 hanc,
790 1926 899 1992 altera
914 1948 995 1994 vero
1008 1949 1070 2015 per
1086 1926 1183 1992 illa-m
1199 1926 1432 1994 differentiam

290 2053 515 2122 deducuntur.
536 2053 541 2142 Ι
562 2054 614 2119 De
633 2051 797 2118 subiectis
816 2074 897 2139 ergo
914 2052 982 2118 alia
998 2074 1086 2138 quae
1105 2058 1188 2119 srmt
1205 2052 1266 2118 lux
1284 2053 1371 2140 ipsa,
1391 2058 1431 2118 ut
1456 2048 1575 2112 196ν

290 2179 485 2268 plenitudo,
500 2178 712 2261 intellectuS,
727 2198 836 2261 amor,
853 2177 1053 2244 discurrunt
1068 2201 1129 2266 per
1144 2177 1292 2265 triginta
1303 2184 1436 2244 statuas

225 2298 267 2364 15
290 2306 457 2388 formata,
477 2305 590 2392 primo
620 2303 758 2390 quidem
778 2302 977 2391 accipiendo
997 2327 1017 2370 a
1036 2304 1158 2371 dextra
1180 2304 1286 2392 primi
1306 2302 1437 2390 Gigan-

289 2432 336 2498 tis
360 2431 532 2516 absolute,
561 2429 726 2518 perfecte,
758 2430 882 2515 solum,
911 2453 931 2496 a
961 2453 1010 2516 se,
1035 2430 1252 2518 simpliciter,
1285 2428 1435 2514 infinite,

289 2557 468 2645 primario,
497 2556 651 2644 proprie,
672 2554 915 2637 essentialiter,
939 2555 1055 2639 simul,
1086 2577 1147 2643 per
1171 2578 1222 2640 se,
1247 2554 1435 2621 secundum

291 2689 418 2767 totum,
437 2681 662 2770 principium,
683 2703 805 2764 unum,
833 2704 969 2766 caussa,
995 2703 1220 2769 cognosceus,
1244 2702 1363 2767 agens,
1384 2704 1437 2747 ac·

292 2816 361 2892 tus,
381 2806 599 2894 magnitudO,
618 2807 745 2890 virtus,
766 2828 875 2890 amor,
905 2807 998 2888 finis,
1018 2805 1213 2894 plenitude,
1233 2814 1356 2894 potens
1376 2830 1435 2873 seu

226 2935 271 2999 20
292 2932 451 3022 potentia
471 2940 548 3015 eto.;
568 2938 703 2999 caetera
722 2931 838 2998 omnia
855 2939 993 3020 praeter
1012 2932 1096 2998 haec
1119 2932 1241 2999 horum
1261 2932 1436 3019 praedica·

292 3069 413 3128 torum
423 3060 562 3125 modum
578 3059 783 3147 recipiunta
800 3059 940 3125 sinistra
957 3059 1109 3125 eiusdem
1123 3058 1301 3145 Gigantis,
1314 3066 1436 3146 utpote

292 3185 479 3253 secundum
498 3185 649 3250 rationes
669 3185 853 3272 oppositas.
874 3184 1107 3251 Discurrendo
1125 3192 1240 3250 antem
1256 3208 1318 3272 per
1334 3208 1437 3250 mem·

291 3313 354 3379 bra
375 3309 517 3377 secundi
537 3309 701 3396 Gigantis
720 3310 839 3377 eadem
857 3310 1058 3398 praedicata
1077 3310 1242 3376 dicuntur
1258 3310 1300 3375 de
1318 3310 1435 3375 eodem

293 3437 459 3522 subiecto,
485 3436 685 3523 accipiendo
714 3437 789 3524 ipsa
813 3435 1000 3502 secundum
1030 3436 1201 3502 rationem
1229 3435 1435 3522 incorporei,

226 3569 270 3634 25
294 3563 438 3648 aeterni,
458 3587 520 3651 per
544 3587 593 3646 se,
611 3562 865 3651 principaliter,
897 3562 1099 3645 intrinseco,
1120 3569 1290 3650 separato,
1320 3585 1436 3627 secun-

293 3690 375 3755 dum
394 3712 478 3771 rem,
500 3687 661 3771 effusive,
679 3696 718 3754 ut
734 3687 826 3773 quod
845 3694 897 3754 est
916 3697 950 3753 et
970 3711 1037 3774 quo
1057 3697 1108 3755 est
1129 3688 1241 3772 simul,
1261 3686 1436 3752 intensive

294 3822 328 3881 et
351 3815 542 3899 extensive,
567 3814 604 3879 in
629 3820 722 3880 statu
747 3819 844 3880 extra
872 3837 1007 3880 omnem
1027 3823 1175 3897 motum,
1200 3813 1435 3895 illocabiliter,

294 3940 358 4005 hoc
377 3947 428 4005 est
446 3962 558 4025 neque
578 3939 873 4026 circumscriptura
892 3963 1003 4024 neque
1022 3939 1213 4020 definitive,
1234 3938 1436 4023 formaliter,

308 4081 444 4088 --.---.

386 4136 435 4186 2.3
451 4136 505 4186 hoc
524 4141 569 4187 ost
593 4139 634 4202 (÷
653 4138 688 4201 A)
704 4135 900 4200 -Gigantum
920 4150 970 4185 oni.
985 4136 1008 4184 Α
1073 4137 1088 4185 5
1106 4142 1135 4185 et
1151 4136 1203 4185 lux
1226 4136 1281 4199 (aaa
1297 4135 1307 4183 l
1323 4140 1438 4184 corrctto

294 4215 331 4266 da
347 4217 375 4282 ρ)
390 4216 427 4266 Α;
443 4222 472 4266 et
489 4232 538 4267 om.
556 4216 587 4266 M
649 4220 663 4268 7
680 4216 814 4281 utrisque
826 4216 885 4265 ΑΜ
944 4217 995 4266 89
1012 4216 1239 4281 aequidistantia
1250 4213 1318 4266 veri)
1336 4216 1374 4265 A:
1393 4231 1438 4265 vc·

295 4298 350 4346 luti
360 4296 584 4363 aequidistantia
592 4297 633 4347 M:
646 4313 714 4348 voro
723 4298 790 4347 sart
800 4296 836 4346 da
847 4296 996 4347 cancellare
1043 4299 1073 4347 15
1083 4313 1138 4360 sqq.
1149 4296 1217 4345 stcA
1266 4297 1344 4345 20:21
1356 4313 1440 4345 avoca

296 4374 450 4427 continciato
461 4378 636 4442 praedicatio
650 4379 673 4427 A
739 4379 770 4429 22
788 4376 894 4447 autem]
916 4383 1012 4427 antem
1030 4377 1063 4427 sd
1081 4376 1146 4441 (cici
1163 4370 1383 4441 sdizsecundi)
1403 4377 1439 4425 Α1

295 4458 369 4508 2811.
385 4456 548 4508 anns-A
