3488 5108
724 386 768 431 nn
791 386 941 431 vmcvms
963 388 997 431 m
1019 386 1160 432 ennaea.
1457 376 1513 432 681

369 546 504 612 ratione
524 545 693 611 enitescit.
711 545 821 612 Nobis
839 568 920 612 vero
939 552 1014 612 tum
1031 567 1126 611 amor
1144 551 1220 611 tum
1241 546 1352 611 onmis
1372 544 1516 613 affectus

368 670 468 737 valde
491 671 645 759 practica
670 679 722 736 est
746 672 919 759 cognitio;
950 672 1162 757 quinetiam
1192 671 1384 757 discursuS,
1414 672 1517 738 ratio·

369 797 498 863 cinetio
518 804 553 864 et
572 797 842 885 argumentatio,
863 814 931 883 qua
949 796 1169 886 potissimum
1187 798 1343 864 homines
1359 798 1516 865 vinciun-

369 930 440 1008 tur,
461 946 680 1008 nequaquam
700 925 790 989 inter
813 923 997 1010 primarias
1016 923 1226 1011 cognitionis
1250 925 1380 1012 species
1400 946 1516 990 nume·

325 1049 475 1114 bratur.
496 1047 621 1114 Credat
641 1071 722 1135 ergo
751 1047 884 1114 vincire
911 1049 1031 1115 volens
1060 1048 1230 1115 rationem
1260 1071 1372 1137 neque
1399 1049 1515 1137 plures

369 1197 480 1260 neque
496 1174 700 1262 praecipuas
714 1174 758 1240 ad
773 1173 954 1260 ligandum
970 1180 1086 1263 partes
1102 1173 1271 1259 obtinere,
1292 1175 1380 1241 bene
1399 1182 1514 1241 autern

370 1301 524 1385 cognitio
544 1299 734 1366 secundum
752 1322 871 1386 genua.

758 1523 877 1564 Vlnclbllin
892 1525 953 1572 lugu.
970 1525 1019 1562 Art.
1037 1522 1117 1562 xxvl.

459 1671 531 1736 Alii
550 1670 638 1737 alius
655 1695 690 1737 se
707 1671 846 1758 generis
864 1671 1013 1737 vinculis
1036 1673 1160 1758 alligat
1178 1671 1352 1737 interdum
1366 1722 1448 1736 ......
1456 1724 1463 1755 ,
1477 1679 1516 1737 ut

304 1804 347 1865 10
370 1796 413 1860 ab
434 1819 503 1862 uno
520 1796 650 1863 vinculi
669 1820 795 1883 genere
815 1797 988 1883 diffugiat.
1009 1797 1100 1862 Hinc
1120 1798 1184 1863 hoc
1201 1805 1252 1863 ast
1272 1797 1363 1882 quod
1383 1797 1516 1865 vincire

368 1922 487 1988 volens
507 1924 688 1988 observare
708 1923 840 2006 debeat,
858 1933 897 1989 ut
910 1946 972 2009 per
988 1923 1100 1988 media
1117 1946 1244 2007 eorum,
1265 1923 1390 2009 quibus
1409 1924 1517 1989 vinci-

372 2057 430 2114 tur
449 2049 628 2133 vincibile,
649 2058 823 2136 operetur,
845 2050 993 2116 vinculis
1014 2072 1136 2136 nempe
1156 2049 1282 2134 quibus
1304 2051 1361 2114 ille
1378 2056 1516 2116 tenetur

368 2173 641 2241 obsecundando.
654 2175 747 2240 Hinc
757 2175 920 2262 Nympha
932 2182 1131 2240 venatorem
1145 2196 1268 2258 amore,
1281 2174 1513 2240 sollicitudine

367 2307 402 2364 et
421 2300 644 2386 occupatione
666 2299 756 2365 eirca
782 2300 872 2365 feras
896 2300 1097 2382 abductum,
1118 2300 1218 2366 donis
1237 2301 1291 2366 sui
1314 2300 1450 2385 generis
1470 2300 1513 2366 ad

303 2415 345 2480 15
368 2425 536 2490 Venerem
555 2424 711 2511 pellexit,
732 2447 840 2490 cornu
859 2447 982 2513 nempe
1003 2425 1099 2492 cuius
1123 2447 1206 2492 voce
1227 2424 1319 2491 ferae
1339 2424 1513 2512 fugientes

366 2550 587 2617 sistebantur.
605 2550 707 2617 Miles
726 2552 831 2618 etiam
856 2574 1030 2619 armorum
1055 2555 1184 2619 virtute
1212 2562 1246 2619 et
1276 2552 1512 2618 incantatione

366 2675 444 2741 aliis
474 2675 701 2743 abduceretur
741 2679 933 2743 affectibus.
966 2678 1178 2744 Devinciunt
1218 2700 1300 2764 ergo
1329 2701 1349 2743 a
1379 2676 1512 2742 Venere

366 2801 518 2886 venati0,
532 2801 714 2885 ieiunium,
732 2802 894 2889 ebriatae,
906 2803 1090 2891 gymnicae
1109 2802 1383 2886 exercitationes,
1400 2814 1434 2867 et
1450 2824 1512 2889 per

366 2928 564 2994 universum
588 2928 704 2994 variae
728 2929 977 2996 sollicitudines
1003 2937 1037 2994 et
1057 2930 1144 3016 otia,
1165 2929 1396 2996 abstinentiae
1426 2929 1510 2995 item

299 3057 344 3120 ‘20
366 3054 482 3119 variae
498 3063 603 3140 atque
619 3054 721 3122 luxus
738 3063 800 3121 etc.
824 3054 921 3123 Siout
941 3057 977 3121 in
994 3056 1058 3122 hoc
1076 3056 1293 3123 vinculorum
1306 3078 1442 3141 genere,
1459 3055 1510 3121 ita

364 3180 402 3244 in
420 3179 562 3265 reliquis
582 3203 642 3247 suo
662 3179 762 3247 modo
785 3181 1019 3248 iudicandum.

712 3405 832 3446 vincibilis
848 3405 984 3445 salutantla.
1000 3406 1050 3445 Art.
1067 3405 1159 3445 XXVII.

452 3557 549 3622 Duae
570 3556 813 3623 vincibilitatis
834 3564 915 3623 sunt
934 3578 1072 3640 causae,
1094 3566 1129 3622 et
1148 3557 1266 3623 eadem
1291 3565 1372 3623 sunt
1391 3557 1433 3622 de
1460 3581 1509 3622 es·

362 3683 474 3748 sentia
490 3682 679 3766 vincibilis,
699 3690 867 3768 quatenus
886 3683 1049 3749 vineibile
1066 3691 1136 3748 est:
1150 3684 1303 3770 cognitio
1320 3682 1507 3749 secundum

294 3816 337 3880 ‘25
361 3831 485 3894 genus,
505 3815 540 3874 ct
558 3810 733 3897 appetitus
752 3810 939 3875 secundum
958 3832 1076 3895 genus.
1097 3810 1151 3875 Da
1175 3809 1266 3895 quod
1290 3810 1385 3875 nullo
1405 3809 1507 3875 modo

360 3943 518 4020 appetat,
554 3935 652 4001 (labis
687 3936 778 4020 quod
812 3935 907 4002 nullo
942 3935 1043 4001 morlo
1073 3936 1302 4023 spiritualiter
1320 3935 1504 4003 vinciatur.

373 4126 734 4136 ——-——-—-.——.
744 4128 753 4133 ..
773 4127 1188 4134 -..nn—*m-
1200 4127 1215 4133 --
1225 4127 1332 4134 ——--.

453 4219 468 4268 7
484 4215 590 4268 immede
610 4216 738 4277 cognitio
760 4215 872 4280 (ligat),
894 4213 1043 4267 altrimenti
1063 4214 1278 4280 similaretur
1295 4217 1502 4280 cognitionem

360 4298 403 4348 del
414 4305 482 4347 resto
493 4299 528 4360 cs.
537 4315 567 4362 p.
579 4300 639 4358 641,
651 4299 685 4346 2⁴7
699 4315 752 4362 sqq.
818 4299 834 4347 9
852 4333 947 4349 .......
955 4290 1505 4365 ]vinoilerl1'’:sbrsevincibileeAliia

360 4381 454 4443 aliua,
471 4395 496 4429 se
510 4378 534 4428 si
550 4379 642 4429 colasse
657 4376 828 4428 considerare
842 4379 900 4429 Alii
917 4395 985 4428 coare
996 4377 1110 4444 9εηίιὶυο
1126 4380 1160 4441 (o.
1174 4396 1191 4427 a
1200 4396 1232 4443 p,
1250 4380 1306 4442 175,
1319 4377 1373 4444 10),
1391 4377 1504 4444 linoque-

360 4460 438 4511 rctbe
452 4460 601 4510 caracallam·
616 4460 644 4510 la
652 4461 757 4524 parole
770 4459 839 4525 dopo
851 4460 1000 4512 interdum
1063 4460 1094 4510 14
1111 4459 1178 4510 doni
1194 4459 1224 4509 M

495 4553 572 4593 linum
588 4554 642 4602 opp.
656 4555 695 4592 lae.
713 4552 753 4592 111.
1319 4552 1345 4592 86
