3488 5108
672 398 716 443 ma
736 398 851 444 nnavu
873 398 1051 444 ramanus
1072 398 1143 442 nro.
1419 381 1478 438 525

338 574 358 616 a
382 550 507 638 spiritu
528 558 592 636 est,
613 559 647 617 et
671 552 782 618 omnis
806 553 859 618 vis
888 560 922 619 et
952 553 1064 618 virtus
1094 551 1131 617 in
1155 551 1336 638 spiritibus
1360 573 1479 616 seeun-

339 677 401 741 dae
421 675 687 762 significationis
706 684 758 743 est
777 700 797 743 a
816 677 943 765 spiritu
962 676 1149 743 seeundum
1175 676 1324 762 primam
1348 674 1479 761 signifi·

337 801 519 867 ontionem.

427 927 592 1005 Quamvis
616 933 731 992 autem
763 928 906 1014 spiritus
936 927 1106 993 secundus
1136 926 1209 993 vita
1234 934 1270 991 et
1297 931 1394 992 motu
1412 925 1482 1013 pri-

293 1055 313 1118 5
337 1061 437 1118 vetur
455 1059 598 1139 propter
618 1051 866 1118 abscissionem
885 1076 944 1118 seu
964 1052 1213 1118 extructionem
1230 1073 1250 1116 a
1271 1055 1344 1117 toto
1364 1071 1481 1115 seeun-

338 1177 420 1244 dum
452 1200 557 1243 unam
595 1179 688 1244 vitae
721 1184 755 1241 et
786 1185 898 1243 motus
931 1177 1119 1261 rationem,
1155 1175 1340 1241 secundum
1376 1173 1479 1240 aliam

337 1310 454 1368 tamen
472 1303 575 1386 vivit,
604 1309 643 1367 ut
672 1301 710 1367 in
737 1302 899 1368 omnibus
917 1302 1028 1368 ritem
1047 1324 1119 1368 esse
1139 1309 1173 1367 et
1193 1300 1346 1366 animam
1373 1299 1409 1365 in
1429 1322 1482 1366 su·

335 1427 529 1514 perioribus
558 1426 878 1492 demonstravimus
899 1426 1081 1512 Pleraque,
1106 1448 1194 1512 quae
1217 1423 1342 1491 mutila
1360 1423 1480 1490 viden·

336 1559 407 1634 tur,
439 1553 600 1620 inchoata
631 1560 666 1617 et
685 1552 901 1639 imperfecta,
932 1553 997 1618 hae
1015 1555 1150 1619 ratione
1172 1552 1348 1618 mirabiles
1371 1550 1480 1617 edunt

272 1687 314 1751 10
337 1678 563 1765 operationes.

427 1805 577 1893 Spiritus
604 1805 746 1871 tandem
776 1829 796 1871 a
820 1805 961 1872 medicis
992 1813 1027 1871 et
1056 1807 1168 1894 magis
1196 1828 1339 1893 corpora
1363 1804 1480 1893 appel-

336 1928 453 1996 lantur
487 1930 647 2015 subtilia,
688 1932 787 2016 quasi
826 1930 1063 2013 insensibilia,
1092 1951 1186 2016 quae
1224 1953 1244 1996 a
1279 1929 1479 2018 corporibus

337 2055 468 2139 mixtis,
489 2056 713 2122 crassioribus
729 2063 763 2121 et
783 2055 1004 2122 sensibilibus
1018 2063 1195 2140 emanant,
1215 2078 1360 2142 quorum
1382 2067 1482 2141 quae-

337 2179 417 2246 dam
430 2180 556 2247 leniter
574 2204 712 2248 sensum
731 2182 842 2267 visus,
863 2181 1033 2267 quaedam
1052 2203 1191 2248 sensum
1204 2180 1367 2265 olfactuS,
1380 2201 1482 2266 quae·

272 2310 313 2374 15
337 2305 415 2372 dam
435 2307 569 2373 nullum
597 2330 733 2374 sensum
753 2307 936 2394 attingunt
955 2307 1176 2390 exteriorem,
1197 2305 1256 2373 sed
1284 2304 1483 2372 immediate

337 2431 375 2496 in
393 2454 530 2498 sensum
545 2433 721 2499 internum
737 2432 888 2499 efficacia
906 2432 1175 2516 convincuntur,
1193 2438 1233 2498 ut
1249 2454 1291 2498 ex
1306 2429 1481 2519 lapidibus

337 2557 544 2642 quibusdam
563 2564 598 2623 et
616 2557 792 2626 radicibus
811 2558 959 2624 virtutes
978 2558 1023 2624 ad
1040 2557 1188 2625 affectus
1207 2557 1316 2624 animi
1335 2557 1481 2623 alteran-

338 2681 398 2746 dos
418 2704 477 2747 seu
497 2682 720 2750 concitandos
747 2682 920 2772 proficisci
938 2683 976 2749 in
995 2683 1233 2771 superioribus
1257 2681 1480 2748 ostendimus.

338 2810 387 2874 Ea
401 2832 483 2874 sane
500 2832 643 2897 corpora
655 2806 743 2875 nihil
758 2816 868 2898 agunt
884 2811 953 2876 nisi
968 2812 1007 2877 in
1026 2811 1157 2878 virtute
1169 2817 1309 2877 tantum
1323 2809 1482 2896 spiritus,

271 2940 315 3003 20
338 2935 427 2999 sicut
443 2942 478 2999 et
494 2957 512 2998 e
527 2957 691 3001 converso
703 2934 847 3022 spiritus
855 2958 980 3022 parum
995 2936 1051 3001 vel
1068 2935 1157 3001 nihil
1171 2934 1239 3001 nisi
1258 2958 1334 3002 oum
1352 2935 1482 3000 virtute

337 3057 475 3125 illorum
496 3081 690 3146 corporum,
722 3083 845 3147 nempe
867 3060 1030 3127 humidae
1054 3060 1232 3127 cuiusdam
1264 3059 1482 3126 substantiae

337 3184 628 3270 temperantiam
647 3207 716 3270 qua
735 3185 878 3272 spiritus
901 3184 1029 3251 residet
1048 3193 1082 3251 et
1102 3184 1263 3268 incuban
1288 3184 1380 3251 unde
1406 3185 1482 3271 qui·

338 3308 417 3373 dam
436 3308 597 3395 spiritum
625 3309 669 3374 ab
688 3309 885 3376 huiusmodi
914 3309 1056 3376 humida
1076 3311 1272 3377 substantia
1292 3333 1364 3376 non
1388 3331 1484 3396 sepa-

337 3441 426 3515 rant,
443 3434 513 3498 imo
530 3456 635 3499 unam
651 3456 724 3500 esse
739 3441 900 3501 naturam
919 3435 1126 3524 intelligunt
1138 3443 1174 3503 et
1186 3435 1343 3521 eandem,
1364 3442 1482 3502 tamen

272 3562 314 3624 25
337 3557 439 3624 facile
458 3557 584 3624 falsum
603 3560 827 3647 comperitur,
844 3560 873 3625 si
891 3560 1145 3628 consideremus
1163 3585 1204 3628 ea
1220 3584 1307 3649 quae
1323 3559 1481 3648 superius

338 3681 431 3748 diota
451 3691 542 3749 sunt.
562 3685 608 3749 Et
626 3684 770 3772 spiritus
789 3685 887 3752 iuxta
905 3686 995 3752 hano
1014 3687 1306 3773 significationem
1323 3686 1484 3773 (eomple-

339 3832 420 3875 xum
454 3810 616 3876 videlieet
647 3811 819 3898 quoddam
853 3835 895 3878 ex
929 3814 1056 3901 spiritu
1086 3820 1120 3878 et
1154 3812 1296 3879 humida
1332 3812 1481 3900 quadam

339 3936 461 4002 subtili
484 3936 679 4003 substantia
703 3961 721 4002 e
744 3939 944 4026 corporibus
979 3939 1201 4005 sensibilibus
1230 3947 1415 4006 emanante
1446 3947 1481 4006 et

432 4194 480 4245 7.8
496 4196 525 4245 in
541 4196 747 4261 superioribus]
759 4214 790 4262 p.
804 4199 867 4259 406,
881 4200 893 4246 1
905 4215 959 4263 sqq.
1025 4200 1055 4250 18
1071 4201 1166 4253 mistis
1179 4203 1211 4253 Μ
1273 4205 1304 4255 18
1320 4203 1388 4270 prof
1400 4223 1417 4253 a
1432 4222 1449 4252 a
1463 4223 1480 4253 a

337 4275 481 4341 proficisci
494 4275 526 4326 l!
532 4279 539 4310 ¹
602 4280 631 4328 iu
646 4279 852 4342 superioribus]
864 4297 894 4344 p.
904 4282 960 4330 488
972 4298 1010 4345 aq.
1021 4282 1078 4347 tes.
1089 4300 1107 4332 a
1117 4299 1147 4348 p.
1159 4285 1249 4346 433,2
1313 4288 1344 4336 19
1357 4291 1481 4344 tantum]

338 4360 378 4406 tr‘u
401 4354 619 4486 upil’flpperliuea
648 4359 681 4409 M
752 4361 785 4411 20
801 4368 831 4411 et
850 4358 1068 4414 neli'iuterliaaa
1091 4363 1122 4414 M
1195 4367 1228 4416 22
1243 4365 1353 4417 residet
1373 4366 1418 4432 (7)]
1440 4381 1482 4416 re·

337 4441 396 4488 stet
412 4439 446 4502 ()
