3488 5108
287 372 347 430 210
725 386 866 432 mamm
885 385 988 431 imvm

375 542 453 609 XV.
468 543 655 628 Maxime,
676 543 878 631 apprime,
899 543 982 607 vix:
1003 542 1154 630 primum
1173 547 1225 607 est
1241 564 1346 631 supra
1365 547 1431 606 ter·

286 669 411 753 minos,
432 676 466 735 et
484 676 536 736 est
554 669 751 756 generalius
771 676 806 734 et
835 668 1051 736 communius
1076 691 1178 754 quam
1201 667 1432 734 eminentissi-

286 817 382 861 mum
398 802 432 860 et
446 792 668 883 superfluum,
680 803 802 883 utpote
814 795 980 882 septimae
994 803 1029 862 et
1041 802 1184 862 octavae
1196 793 1432 861 distinotionis

287 920 479 1004 dexterum5
505 920 694 988 secundum
722 928 774 987 est
797 921 889 1008 quod
913 930 965 988 est
987 927 1140 1006 tantum,
1165 925 1336 1008 quantum
1360 941 1433 986 esse

243 1045 264 1107 ὅ
287 1045 389 1113 debet
406 1046 462 1112 vel
479 1051 607 1134 potest3
627 1046 771 1112 tertium
790 1047 883 1133 quod
901 1047 994 1112 inter
1012 1069 1082 1112 non
1102 1046 1196 1112 entia
1219 1047 1325 1112 etiam
1344 1066 1433 1111 eom·

286 1177 445 1261 putatur,
467 1179 505 1238 ut
524 1173 670 1239 materia
689 1173 816 1239 dicitur
834 1195 942 1262 prope
961 1194 1032 1238 non
1055 1195 1115 1238 ens
1139 1172 1196 1239 vel
1226 1193 1333 1259 prope
1362 1193 1432 1237 ens.

287 1299 333 1365 Et
355 1298 421 1365 hoe
439 1299 632 1366 membrum
654 1298 772 1365 differt
791 1300 835 1366 ab
859 1321 898 1366 eo
923 1299 1015 1386 quod
1033 1306 1085 1365 est
1103 1298 1268 1364 minime
1295 1297 1359 1363 sub
1378 1319 1431 1362 ra·

287 1424 383 1490 tione
400 1424 613 1512 negationis,
631 1425 712 1512 quia
732 1425 934 1491 adverbium
962 1425 1139 1509 minime,
1160 1430 1200 1490 ut
1222 1421 1394 1510 dependet
1412 1443 1433 1487 a

288 1550 428 1617 nomine
447 1551 670 1634 minimum,
690 1551 775 1616 dicit
794 1573 854 1616 ens
872 1551 936 1617 sub
953 1551 1088 1617 ratione
1107 1572 1195 1636 quae
1214 1549 1433 1636 significatur

224 1676 264 1738 10
286 1674 343 1741 hio
361 1696 423 1762 per
442 1676 528 1760 vix,
545 1684 585 1742 ut
605 1683 720 1742 autem
739 1675 936 1763 negationis
955 1676 1128 1764 particula
1146 1699 1217 1742 non
1236 1674 1433 1763 dependens

287 1800 477 1885 onomius,
495 1801 599 1868 habet
619 1803 722 1868 aliam
739 1801 1042 1889 significationem,
1059 1825 1127 1889 qua
1143 1824 1214 1868 non
1228 1806 1345 1891 potest
1360 1822 1433 1866 esse

289 1934 323 1993 et
343 1928 496 2015 intelligi
514 1929 552 1995 in
570 1929 732 1995 membris
751 1928 854 1996 huius
874 1927 1048 2016 Gigantis.

479 2160 554 2233 oa
588 2155 897 2235 HYPOSTASI
929 2153 1244 2260 (anomiani).

382 2389 481 2468 Quod
507 2389 634 2455 attinet
659 2389 702 2455 ad
731 2389 972 2458 distinctiones
1002 2412 1130 2474 rerum,
1161 2396 1332 2474 qnatenus
1356 2413 1435 2456 eon·
1519 2396 1521 2401 ‘

224 2517 265 2583 15
290 2514 467 2602 oeptibilia
487 2517 492 2600 ί
513 2521 594 2580 sunt
616 2521 651 2580 et
675 2516 739 2581 sub
762 2515 896 2581 ratione
915 2514 1121 2581 intentionis
1140 2521 1175 2580 et
1194 2516 1435 2601 cognoscibili·
1459 2521 1578 2585 185v

289 2639 384 2723 tatis,
407 2662 464 2705 eas
488 2640 603 2705 notari
630 2640 791 2707 volumus
817 2643 855 2706 in
882 2641 1052 2728 Alcyonei
1071 2641 1171 2707 dorso
1191 2648 1372 2708 constante
1390 2665 1434 2708 ex

290 2764 425 2849 dextra,
446 2764 588 2831 sinistra
607 2771 642 2831 et
660 2765 786 2849 media,
807 2773 847 2831 ut

315 2945 344 2985 in
367 2945 470 2985 dextra
492 2945 541 2985 sit:
1159 2950 1191 2990 ad
1213 2950 1378 2990 sinistram:

288 3037 434 3101 Prorsus
752 3038 881 3123 Aliquo
900 3039 1000 3105 modo
1148 3040 1360 3107 ‘Nullatenus

222 3162 266 3225 ‘20
288 3162 433 3248 Proprie
751 3164 989 3230 Communiter
1152 3167 1345 3254 Improprie

288 3286 570 3353 Demonstrative
752 3289 984 3355 Probabiliter
1153 3291 1348 3378 Sophistioo

289 3409 579 3500 Comprehensivo
751 3414 1013 3502 Apprehensive
1152 3416 1332 3482 Attaotive

288 3537 331 3602 ln
350 3560 387 3603 re
750 3541 793 3605 In
810 3541 1040 3608 similitudine
1152 3544 1195 3608 In
1214 3543 1314 3629 signo

289 3665 331 3728 In
350 3663 496 3729 veritate
749 3664 792 3729 In
812 3665 991 3733 intelleetu
1152 3671 1194 3734 In
1213 3668 1393 3734 voluntate

222 3785 265 3850 Ξῖ)
289 3789 524 3875 Metaphysico
751 3790 896 3876 Physica
1153 3795 1281 3881 Logice

380 4052 991 4123 tquodeatquantumtantum‚quantum
1003 4057 1037 4106 Αί
1102 4058 1280 4110 ‘c'tliffaatA¹
1344 4062 1434 4112 13η-

291 4151 399 4185 ‹tmonm
416 4134 449 4184 Μ
452 4151 458 4184 :
481 4151 530 4186 om.
553 4138 577 4185 A
642 4137 672 4187 16
688 4141 791 4187 notare
813 4136 845 4186 Μ
905 4136 1067 4202 Alcyonaei
1090 4138 1149 4204 (sie)
1170 4142 1208 4190 A:
1231 4140 1381 4208 Alohionoj
1403 4141 1435 4191 M

290 4216 321 4265 :tt
337 4213 502 4266 Attraotivt
513 4215 546 4265 M
606 4215 644 4266 23.
656 4218 687 4267 24
703 4218 749 4266 2111
768 4234 797 4280 no
815 4217 850 4268 ln
868 4217 1058 4271 similitudine
1075 4220 1111 4271 In
1128 4220 1211 4284 signo
1227 4223 1231 4286 Ι
1246 4222 1291 4272 ¹In
1308 4221 1434 4274 varitate

290 4295 325 4344 In
334 4294 539 4347 intellectuale.
550 4298 598 4348 ΑΜ
609 4295 695 4362 aliqui
708 4299 727 4348 l’
738 4315 832 4349 errore
846 4298 914 4349 dini
923 4300 968 4350 clia
979 4307 1106 4366 traspoae
1114 4302 1138 4353 V
1147 4302 1182 4352 In
1191 4301 1314 4353 veritate
1329 4305 1332 4366 Ι
1348 4303 1388 4352 VI
1398 4303 1433 4353 In

290 4392 334 4441 ro,
348 4394 392 4426 mo
403 4376 488 4427 loacs'a
498 4375 548 4441 poi
561 4376 592 4428 ia
605 4376 702 4430 ordine
709 4380 786 4444 falso
801 4381 835 4431 In
852 4381 1042 4432 similitudine
1061 4383 1095 4434 In
1113 4383 1195 4448 signo
1211 4384 1214 4446 Ι
1230 4384 1265 4434 In
1283 4383 1436 4436 intellectu

291 4457 326 4509 In
340 4457 491 4511 voluntate
