3488 5108
620 414 664 459 nn
685 414 792 459 naum
813 415 1063 461 narnnuarrun.
1354 404 1414 463 495

266 567 357 627 rebus
374 567 580 645 naturalibus,
599 577 630 626 et
647 568 811 646 impetrata
829 567 964 630 efficacia
985 578 1017 630 et
1035 570 1148 630 virtute
1167 591 1184 630 a
1201 572 1293 631 rebus
1311 592 1414 651 super·

265 676 469 753 naturalibus,
489 676 643 755 quippiam
670 676 790 737 efficere
819 677 987 755 poterimus
1013 698 1153 754 unquam.
1179 679 1315 738 Primum
1338 699 1412 756 ergo

266 781 496 843 fundamentum
513 785 675 843 universae
692 783 824 859 unionis,
849 803 908 860 qua
929 783 1095 844 virtutibus
1122 784 1332 862 superioribus
1360 795 1413 846 ant

265 890 441 967 copulamur
468 902 521 949 aut
547 890 631 968 ipsas
658 891 748 951 nobis
774 890 966 968 copulamus,
994 896 1044 950 est
1070 890 1148 951 fides
1175 911 1210 949 ac
1232 891 1410 963 credulitas,

221 992 242 1054 5
266 1015 353 1073 quarn
371 1017 431 1056 non
450 997 539 1055 modo
557 997 588 1055 in
606 997 695 1055 nobis
717 997 915 1076 operantibus
937 996 1043 1074 rigere
1071 1006 1207 1075 oportet,
1237 995 1291 1058 sed
1318 998 1411 1057 etiam

265 1104 294 1162 in
313 1103 546 1181 recipientibus;
563 1103 699 1179 adeoque
714 1104 863 1164 eiusmodi
881 1103 1016 1164 conditio
1032 1112 1081 1164 est
1094 1106 1280 1181 necessaria,
1297 1113 1331 1165 ut
1346 1106 1412 1166 siue

264 1210 333 1289 ipsa
348 1209 424 1270 nihil
442 1231 573 1288 unquam
592 1211 695 1270 valeat
713 1209 871 1271 effectnari
898 1230 915 1269 a
942 1229 1121 1287 quacunque
1143 1211 1272 1288 virtute,
1291 1211 1349 1271 nisi
1375 1232 1411 1272 ea

265 1337 319 1394 per
337 1318 514 1377 violentiam
531 1319 574 1378 sit
588 1318 695 1377 efficax
716 1327 769 1378 aut
786 1337 840 1396 per
854 1317 1031 1396 impeditam
1051 1329 1200 1378 naturam.

343 1424 415 1484 VII.
438 1422 564 1500 Signum
587 1425 652 1485 eius
673 1424 753 1500 quod
775 1423 886 1484 dicitur
907 1431 968 1498 est,
993 1425 1075 1501 quod
1103 1424 1193 1484 animi
1217 1423 1411 1485 dominantur

201 1535 241 1597 10
264 1532 455 1611 corporibus,
478 1533 559 1608 iique
587 1540 658 1592 sunt
683 1531 839 1592 fenestrae
860 1533 970 1610 quibus
993 1533 1023 1591 in
1048 1531 1192 1592 animalia
1213 1552 1246 1593 se
1268 1536 1412 1611 ingerunt

263 1639 393 1716 plurima
410 1639 590 1698 accidentia.
609 1640 702 1698 Patet
723 1639 802 1698 enim
824 1640 950 1699 mutatis
967 1639 1076 1698 animis
1093 1659 1221 1716 corpora
1239 1639 1364 1699 alterari
1380 1639 1411 1697 in

264 1743 377 1805 effectu
392 1747 464 1821 irae,
480 1745 708 1821 indignationis,
723 1744 866 1821 invidiae,
883 1744 1101 1805 melancholiae
1112 1757 1144 1804 et
1159 1744 1410 1820 similium;11n‹ie

264 1851 343 1912 idem
363 1851 519 1912 Cabalista
531 1852 674 1930 ‘spiritua
684 1854 691 1867 “
701 1852 798 1928 inquit
814 1852 929 1912 'tristis
941 1853 1058 1912 exiccat
1069 1853 1157 1912 ossa*
1169 1861 1225 1912 etc.
1238 1852 1324 1913 Idem
1336 1853 1412 1911 iudi·

261 1958 339 2018 cium
352 1959 440 2019 estin
452 1959 520 2019 aliis
531 1959 710 2038 corporibus
723 1957 885 2018 affectibus
896 1979 937 2019 ex
952 1960 1064 2036 animo,
1077 1958 1127 2036 qui
1143 1960 1167 2019 si
1184 2005 1280 2019 .......
1287 1960 1410 2036 existat,

199 2071 238 2132 15
262 2066 379 2126 obicem
391 2066 477 2144 ponit
488 2076 519 2125 et
528 2066 646 2125 ianuam
658 2065 800 2139 occludit,
810 2085 846 2124 ne
858 2065 907 2125 vel
919 2065 1073 2144 protionne
1085 2067 1134 2124 vel
1145 2066 1253 2125 noxiae
1264 2066 1411 2143 irrepant,

261 2182 325 2232 tum
342 2174 374 2233 in
390 2175 489 2251 ipsum
507 2182 571 2232 tum
591 2172 623 2231 in
642 2173 740 2250 ipsius
757 2192 881 2251 corpus,
899 2172 1126 2250 impressiones.
1147 2170 1270 2248 Signum
1290 2191 1409 2249 qnoque

262 2293 309 2342 est
327 2281 355 2340 in
372 2281 581 2341 efficacissimo
596 2281 653 2341 Dei
669 2280 746 2357 filio,
759 2280 796 2340 de
810 2301 867 2357 quo
885 2280 997 2340 dicitur
1013 2280 1094 2357 qnod
1112 2281 1255 2358 'propter
1268 2279 1409 2338 incredu-

260 2389 393 2448 litatem*
412 2409 515 2449 eornm
532 2389 563 2448 in
582 2389 682 2466 patria
699 2389 783 2448 nnlla
802 2395 922 2465 poterat
943 2387 1065 2448 efficere
1086 2387 1244 2461 miracula,
1264 2407 1321 2447 nec
1345 2407 1405 2447 non

260 2496 441 2574 saepissime
459 2495 598 2556 videmus
615 2495 779 2556 secundum
802 2494 892 2555 tidem
920 2515 1023 2555 eorum
1050 2494 1082 2553 in
1105 2495 1224 2570 aliquos
1250 2493 1406 2572 operando

193 2605 237 2665 ‘20
259 2601 385 2662 sanitati
410 2602 592 2662 restituisse.
611 2602 717 2678 Neque
733 2601 812 2661 enim
829 2601 977 2663 credibile
994 2608 1042 2662 est
1058 2620 1114 2660 nec
1132 2600 1315 2662 credendum
1340 2620 1406 2679 pro·

259 2711 396 2788 ponitur,
417 2709 498 2787 quod
519 2729 624 2768 ornnes
646 2720 768 2788 praeter
785 2708 947 2769 credentes
969 2709 1061 2768 etiam
1078 2709 1203 2768 sanitati
1220 2707 1408 2770 restituerit.

340 2818 428 2878 t'111.
450 2816 544 2877 Fides
570 2818 664 2893 igitur
685 2827 716 2876 et
737 2815 904 2876 credulitas
924 2817 954 2874 in
977 2824 1124 2893 operante
1155 2815 1258 2891 vigeat
1279 2821 1405 2892 oportet

258 2943 325 2983 cum
342 2943 397 3002 spe
415 2923 645 3000 consequendae
664 2924 707 2983 rei
725 2923 900 2998 negotiique
918 2922 1073 3001 patrandi,
1092 2921 1280 2999 eandemque
1295 2938 1402 2981 curare

257 3031 350 3090 debet
367 3042 401 3090 ut
417 3033 531 3091 excitet
547 3031 577 3090 in
596 3051 647 3107 eo,
673 3031 703 3089 in
724 3051 814 3106 quem
835 3032 914 3090 bona
935 3029 1075 3090 conferre
1096 3031 1225 3105 statuit;
1245 3029 1402 3107 timorem,

190 3144 234 3207 25
256 3138 308 3199 vel
329 3141 465 3199 v....vel
482 3148 631 3199 terrorem
652 3139 702 3199 vel
723 3148 788 3199 arte
807 3150 949 3216 procuret
965 3139 996 3197 in
1012 3158 1093 3213 eum,
1111 3138 1141 3197 in
1158 3158 1249 3214 quem
1270 3139 1350 3196 mala
1372 3149 1403 3197 et

256 3245 387 3305 adversa
411 3246 586 3323 intorquere
610 3245 791 3307 decreverit.
813 3246 906 3305 Tales
930 3245 1009 3305 enim
1028 3245 1159 3304 affectus
1187 3245 1321 3303 animum
1343 3242 1404 3301 affi-

257 3353 363 3413 ciendo
379 3353 466 3430 qnasi
483 3353 664 3431 dispositam
681 3352 838 3413 materiam
854 3398 973 3412 .........
991 3350 1089 3412 fornia
1101 3370 1189 3428 quam
1208 3350 1403 3410 introducere

256 3462 410 3540 perrupit,
429 3470 590 3540 exponunt.

657 3687 708 3747 De
740 3688 883 3766 triplici
915 3687 1001 3748 fido.

188 3900 232 3963 30
337 3893 395 3953 IX.
414 3894 471 3953 Est
485 3902 585 3953 autem
604 3895 728 3973 triplex,
741 3896 779 3955 ad
797 3916 929 3974 superna
943 3895 1100 3971 videlicet,
1118 3917 1136 3956 a
1152 3873 1265 3972 quibus
1280 3918 1403 3976 speran-

257 3999 316 4060 dus
334 4013 382 4060 est
399 4001 530 4063 influxus
548 4012 579 4063 et
595 4003 697 4079 favor,
711 4011 742 4062 et
758 4003 788 4062 in
805 4023 932 4081 quornm
948 4004 1069 4065 nomine
1080 4013 1112 4063 et
1122 4005 1310 4065 authoritate
1326 4005 1402 4064 fiant

256 4183 377 4190 ——-
396 4184 422 4189 ---
448 4184 499 4190 μ-
659 4187 686 4191 ..-
700 4187 1392 4201 ----..—--——.--—-..-.--———-—

346 4299 480 4348 tincrrlo
492 4318 518 4349 ar
532 4315 686 4367 qnaoquo
702 4301 732 4350 Μ
777 4303 792 4351 t}
809 4302 935 4369 utletlll
982 4305 1012 4355 13
1029 4305 1112 4356 Pron.
1130 4308 1170 4367 17,
1183 4308 1216 4356 22
1266 4308 1295 4357 tl
1312 4307 1401 4360 Icor-

261 4377 409 4443 poralibus
439 4380 589 4431 effectibus
670 4383 708 4431 17.
731 4384 761 4432 18
784 4382 881 4435 Molli.
911 4386 954 4444 17,
980 4388 1010 4435 19
1038 4387 1083 4450 (cf.
1106 4403 1189 4452 sopra
1205 4403 1235 4452 p.
1263 4380 1331 4448 453,
1357 4391 1398 4452 16)

259 4460 299 4509 24.
309 4461 340 4509 25
350 4462 429 4525 sorae
442 4461 574 4512 timorem
590 4477 656 4513 varo
670 4464 714 4514 vel
727 4464 886 4515 terrorem?
948 4466 976 4515 31
990 4466 1016 4530 s.
1030 4465 1105 4517 flunt
