3488 5108
596 436 724 482 urucas
745 434 905 483 rarorum
927 433 1135 481 srsrvluvu.
1399 416 1436 477 91

294 604 329 662 et
348 598 510 684 Apolline
529 596 658 663 dicitur
674 620 743 681 eos,
760 597 1023 685 perterrefactos
1041 597 1237 663 Promethei
1254 596 1436 678 vaticinio,

294 721 515 804 abstinuisse;
536 723 617 808 quia
636 722 766 788 formae
786 720 1061 788 immaterialiter
1080 722 1306 788 subsistentes
1330 728 1365 786 et
1388 720 1439 786 di·

294 847 396 913 vinae
424 847 617 914 subiectum
642 856 676 913 et
705 848 988 934 compositionem
1014 869 1084 912 non
1114 847 1255 934 impune
1284 855 1319 912 et
1349 846 1438 913 citra

294 971 540 1059 indignitatem
559 973 725 1039 subirent.
746 973 846 1041 Unde
866 981 900 1038 at
919 973 1055 1038 animae
1073 980 1211 1040 nostrae
1230 972 1268 1037 in
1287 970 1438 1059 corpori·

249 1095 358 1163 bbus
386 1098 612 1165 consistentes
636 1120 656 1164 a
679 1097 866 1165 divinitate
894 1098 1169 1186 degenerantia
1195 1097 1391 1180 materiam,
1417 1120 1438 1163 a

293 1221 369 1289 luce
388 1223 433 1290 ad
450 1225 621 1291 tenebras.

382 1348 460 1415 VH.
485 1349 632 1433 Dicitur,
652 1350 734 1436 quia
749 1350 843 1416 Iovis
856 1348 1056 1434 coniugium
1080 1347 1296 1433 detrectavit,
1315 1348 1359 1414 ab
1379 1370 1439 1414 eo·

294 1473 372 1540 dem
388 1474 562 1541 destinata
578 1475 622 1541 ad
638 1475 793 1541 mortalis
810 1474 1022 1560 coniugium3
1037 1473 1118 1558 quia
1134 1495 1213 1539 cum
1228 1473 1266 1540 in
1281 1474 1436 1540 subiecto

295 1599 484 1687 composito
496 1621 567 1666 non
583 1599 684 1667 cadat
702 1599 849 1687 simplex
869 1599 1058 1687 appetitus,
1079 1597 1358 1684 quandoquidem
1373 1621 1435 1686 per

228 1729 272 1794 10
293 1724 487 1812 potentiam
506 1724 720 1791 materialem
739 1724 979 1807 materialiter,
998 1746 1060 1810 per
1083 1722 1262 1789 formalem
1286 1723 1438 1790 formali·

293 1856 346 1916 ter
365 1850 514 1937 appetit,
535 1849 612 1916 ideo
629 1849 791 1915 efficienti
808 1848 980 1915 materiali
998 1858 1033 1913 et
1052 1848 1196 1936 physico
1220 1848 1413 1915 subiicitur.

382 1973 479 2040 VIII.
504 1974 642 2040 Dicitur
661 1974 754 2060 quod
772 1973 970 2040 mortalium
996 1973 1168 2039 connubia
1191 1972 1376 2060 repudians
1400 1973 1437 2039 in

293 2099 408 2166 varias
427 2098 555 2166 formas
574 2100 714 2187 migrem
736 2100 818 2186 quia
837 2099 1029 2165 subiectum
1046 2098 1288 2184 quantumvis,
1304 2107 1344 2165 ut
1360 2119 1436 2187 pro·

292 2225 385 2291 xime
403 2223 535 2292 dictum
554 2232 614 2310 est,
634 2225 786 2291 tenebris
805 2226 981 2308 affectum,
1002 2224 1170 2311 optimam
1190 2232 1306 2289 tamen
1326 2224 1437 2290 lucem

227 2351 270 2416 15
292 2350 504 2434 desiderans,
524 2350 589 2417 hoo
606 2359 658 2417 est
677 2350 833 2434 formam,
853 2357 888 2416 at
900 2350 1131 2417 universalsm
1154 2349 1192 2415 iu
1216 2349 1437 2437 particulari·

292 2477 356 2545 bus
376 2478 536 2544 omnibus
556 2486 660 2564 atque
679 2479 827 2566 singulis
846 2486 898 2545 est
917 2479 1127 2546 inconstans.

381 2602 445 2669 IX.
459 2603 559 2682 Quod
575 2604 706 2672 Chiron
719 2604 911 2671 Centaurus
926 2603 1068 2671 Peleum
1084 2603 1239 2669 docuerit
1255 2602 1436 2670 'Photidem

292 2728 328 2794 in
349 2728 612 2815 quibuscunque
634 2728 756 2795 formis
780 2730 944 2795 latentem
965 2752 1099 2816 semper
1118 2729 1315 2816 complecti,
1339 2736 1436 2795 nota·

291 2860 349 2920 tur
366 2854 558 2920 subiectum
573 2854 756 2942 physicum
779 2855 843 2921 sub
867 2877 1072 2940 quacunque
1088 2853 1200 2920 forma
1215 2854 1340 2938 latens,
1357 2876 1436 2920 curn

225 2983 270 3048 20
292 3000 363 3045 non
382 2978 428 3045 sit
446 2980 559 3066 prima
575 2981 734 3063 materia,
752 3002 885 3067 semper
901 3003 973 3046 esse
990 2980 1107 3066 aliqua
1123 2982 1257 3047 ratione
1273 2980 1436 3047 sensibile

292 3109 329 3169 et
346 3104 634 3191 apprehensibile.

381 3229 426 3295 X.
451 3231 518 3296 Per
533 3231 690 3296 Thetidis
702 3231 740 3297 in
756 3231 948 3296 Haemonia
965 3238 1104 3297 antrum
1124 3231 1342 3317 significatur
1357 3231 1437 3298 sub·

293 3355 375 3421 iacti
406 3356 632 3422 consistentia
663 3357 753 3422 circa
776 3364 810 3421 et
833 3379 941 3444 prope
964 3356 1050 3422 fines
1074 3356 1155 3422 Orci
1185 3363 1219 3422 et
1248 3357 1286 3423 in
1315 3365 1437 3423 contu-

291 3480 412 3548 bernio
443 3482 681 3566 tenebrarum3
715 3482 872 3570 proxima
902 3482 993 3547 anim
1026 3483 1130 3565 ratio,
1164 3505 1250 3568 quae
1278 3482 1436 3568 sequitur

224 3608 268 3674 25
292 3607 456 3673 materiae
491 3608 660 3674 rationem
696 3609 754 3674 ubi
796 3608 947 3695 primum
987 3608 1132 3673 sormam
1170 3607 1433 3674 substantialem

292 3735 490 3822 susceperit,
502 3743 555 3802 est
572 3736 660 3801 ratio
676 3735 837 3817 subiecti;
855 3735 1047 3801 subiectum
1059 3735 1152 3799 enim
1168 3741 1233 3817 est,
1248 3734 1339 3820 quod
1356 3755 1433 3821 pro·

292 3859 384 3927 xime
407 3860 575 3928 dividitur
603 3861 641 3926 in
669 3860 816 3948 primam
840 3860 1020 3926 materiam
1045 3867 1080 3924 et
1104 3859 1250 3927 formam
1275 3860 1435 3926 substan·

291 3985 421 4053 tialem.

381 4112 445 4178 XI.
466 4113 605 4180 Dicitur
620 4112 822 4200 delphinum
839 4113 996 4196 insidere,
1016 4114 1060 4179 ab
1077 4113 1152 4201 ipso
1172 4112 1253 4179 vehi
1269 4120 1303 4179 et
1320 4112 1434 4201 ipsum

384 4413 767 4481 5.6(tanquam)aluceM
828 4419 857 4468 15
873 4419 928 4470 hoc
941 4419 1110 4487 estl÷AM
1171 4417 1436 4473 22iuaeuoer'al’ar

291 4493 409 4551 cancella
422 4495 504 4557 Quod
519 4495 543 4544 A
607 4497 748 4548 Acmonia
760 4498 818 4564 (sia)
832 4498 874 4551 M:
890 4502 1047 4551 Aemoniae
1060 4501 1081 4550 Α
