3488 5108
294 378 354 436 410
733 389 874 435 1011111111
895 391 997 435 imvm

294 547 590 613 continuationem
602 546 729 612 habeat
744 567 821 611 cum
832 545 950 611 anima
963 546 1130 630 universi,
1144 568 1215 611 non
1232 545 1390 632 sequit-ur
1400 568 1442 613 aa

294 675 564 765 impossibilitati,
578 698 666 761 quae
682 674 794 740 fertur
810 673 847 738 in
859 674 1069 761 corporibus
1084 697 1171 760 quae
1188 696 1260 740 non
1272 697 1307 739 se
1320 679 1442 742 mutuo

293 810 490 892 penetrent;
514 801 685 887 siquidem
709 802 746 865 in
770 796 975 868 substantiis
1001 802 1219 889 spiritalibus
1243 800 1443 868 huiusmodi

293 931 432 997 aliaest
451 930 554 1011 ratio,
575 928 684 993 veluti
705 927 734 994 si
754 926 955 993 innumerae
972 929 1148 1016 lampades
1172 929 1244 995 sint
1264 952 1441 1013 accensae,

250 1058 384 1142 bquae
411 1060 622 1121 concurrunt
644 1053 684 1117 in
706 1052 872 1118 virtutem
901 1054 1005 1120 unius
1031 1055 1192 1141 luminis,
1216 1079 1288 1123 non
1313 1055 1442 1122 accidit

294 1190 335 1248 ut
362 1182 430 1249 alia
457 1180 546 1247 alius
574 1180 692 1245 lumen
714 1178 883 1266 impediat
905 1180 962 1246 vel
991 1181 1155 1249 retundat
1184 1183 1241 1247 vel
1271 1181 1440 1248 excludat.

240 1368 244 1385 ,
296 1306 417 1372 Simile
435 1304 477 1370 de
497 1304 616 1371 multis
635 1304 777 1370 vocibus
796 1303 900 1371 simul
919 1327 980 1392 per
997 1305 1143 1372 eundem
1158 1315 1272 1372 a'e'rem
1295 1305 1441 1389 diffusis,

296 1433 382 1498 item
400 1429 442 1495 de
462 1429 580 1495 multis
599 1427 707 1495 radiis
730 1428 936 1514 visualibus,
957 1438 996 1496 ut
1014 1453 1108 1497 more
1127 1431 1226 1519 vulgi
1244 1431 1442 1519 loquamur,

297 1556 376 1640 quia
397 1555 441 1621 ad
459 1555 551 1620 idem
566 1553 703 1619 visibile
720 1561 832 1620 totum
849 1556 1114 1642 concipiendum
1130 1557 1361 1644 explicantur,
1381 1557 1443 1623 ubi

231 1693 273 1755 10
295 1703 412 1747 omnes
423 1678 587 1767 peridem
605 1677 757 1745 medium
775 1687 974 1765 penetrant,
993 1689 1028 1746 11
1047 1681 1107 1746 alii
1127 1682 1265 1767 oblique
1280 1689 1315 1747 et
1333 1688 1442 1764 recte,

295 1812 330 1871 et
358 1827 429 1871 non
459 1810 643 1891 propterca
662 1803 723 1869 alii
746 1804 832 1871 alios
856 1805 1073 1871 obtundunt:
1098 1807 1148 1871 ita
1171 1805 1442 1872 innumerabiles

295 1932 439 2019 spiritus
463 1937 497 1995 ct
522 1930 658 1996 animae
688 1953 750 2016 per
773 1929 864 1995 idem
884 1933 1040 2018 spacium
1070 1929 1216 1998 diffusae
1235 1953 1305 1997 non
1325 1954 1361 1997 se
1380 1910 1444 1996 iin-

296 2055 454 2145 pediunt,
474 2055 525 2121 ita
544 2062 583 2121 ut
599 2054 738 2120 diffusio
756 2053 858 2121 unius
878 2055 1099 2123 diffusionem
1123 2055 1339 2123 infinitarum
1359 2057 1443 2123 alia·

296 2205 373 2248 rum
392 2179 568 2266 impediat.

232 2306 274 2369 111
386 2304 481 2371 Talis
510 2304 621 2370 virtus
647 2327 725 2370 cum
748 2304 887 2371 sitnon
917 2307 1027 2373 solum
1055 2306 1203 2390 animae,
1224 2305 1284 2371 scd
1303 2313 1337 2371 et
1356 2305 1443 2371 acci·

297 2431 454 2497 dentium
477 2429 704 2516 quorundam,
729 2430 819 2495 sicut
840 2432 843 2518 1
864 2432 972 2516 vecie,
989 2432 1092 2515 lucie,
1115 2431 1223 2514 visus,
1245 2455 1283 2496 ea
1306 2431 1442 2497 ratione
1467 2436 1542 2498 11*
1558 2435 1618 2497 M

298 2579 365 2642 qua
379 2556 496 2621 anima
515 2561 567 2620 est
586 2561 659 2620 tota
674 2553 712 2620 in
729 2560 802 2621 toto
815 2563 850 2620 et
863 2557 1018 2641 qualibet
1029 2562 1129 2644 parte
1141 2556 1302 2643 corporis,
1316 2561 1351 2619 et
1369 2561 1443 2621 tota

299 2681 388 2747 circa
412 2703 447 2746 se
471 2685 569 2745 extra
593 2701 716 2766 corpus
746 2702 847 2746 suum
877 2687 967 2747 totas
996 2681 1127 2768 species
1150 2682 1253 2766 longe
1277 2679 1444 2768 sepositas

299 2814 402 2893 atque
426 2805 579 2871 diversas
614 2805 855 2892 apprehendit,
885 2806 1024 2893 signum
1055 2814 1107 2872 est
1136 2806 1227 2890 quod
1256 2805 1444 2871 secundum

232 2938 276 3001 20
299 2939 414 2998 actum
433 2930 583 3017 primum
602 2937 636 2995 et
655 2930 886 2996 substantiam
904 2953 975 2995 non
991 2940 1044 2996 est
1060 2931 1192 2997 inclusa
1210 2931 1358 3017 corpori,
1374 2952 1445 2995 non

299 3063 351 3122 est
369 3055 531 3121 videlicet
550 3055 845 3142 circuurscriptive
865 3056 901 3120 111
921 3078 1075 3144 corpore,
1095 3057 1155 3121 sed
1174 3055 1352 3121 definitive
1371 3068 1446 3121 tan-

299 3187 374 3246 tum
393 3180 435 3245 ad
455 3188 553 3246 actus
572 3180 739 3245 secundos
760 3180 892 3268 inipso
913 3188 947 3245 11
975 3182 1164 3247 secundum
1194 3183 1308 3268 ipsum
1340 3181 1446 3268 expli-

300 3305 435 3370 candos
460 3305 548 3369 Ecce
577 3304 789 3391 principium
821 3327 888 3389 quo
918 3307 1224 3372 innumerabilium
1244 3306 1442 3389 effectuum,

302 3430 360 3515 qui
379 3428 642 3495 admirationem
662 3430 811 3513 faciunt,
832 3454 934 3496 causa
954 3432 1150 3512 adducitur,
1168 3431 1257 3496 ratio
1278 3438 1313 3495 et
1331 3431 1444 3497 'virtus

233 3556 276 3620 25
300 3555 501 3640 inquiritur3
518 3578 629 3641 neque
645 3556 824 3621 deterioris
841 3557 1049 3622 conditionis
1069 3557 1170 3621 debet
1189 3579 1261 3622 esse
1277 3556 1394 3621 anima
1410 3562 1444 3621 11

301 3681 496 3746 substantia
523 3681 607 3747 haec
636 3682 768 3767 divina,
800 3706 901 3769 quam
926 3684 1117 3749 accidentia
1145 3706 1232 3769 quae
1252 3685 1445 3771 procedunt

301 3806 344 3870 ab
379 3804 454 3893 ipsa
488 3814 655 3891 tanquam
690 3808 762 3873 cius
792 3809 948 3892 effectus,
978 3809 1126 3895 vestigia
1157 3816 1191 3874 ct
1225 3810 1377 3875 umbrae.
1407 3809 1444 3874 Si

303 3930 445 4016 inquam
469 3955 536 3998 vox
556 3950 717 4019 operatur
736 3941 834 4000 extra
853 3936 1032 4021 proprium
1053 3958 1188 4021 corpus,
1208 3935 1246 3999 in
1270 3958 1337 4020 quo
1368 3958 1445 4001 ona·

303 4058 419 4141 scitur,
439 4068 473 4122 11
493 4065 545 4123 est
564 4065 639 4124 tota
654 4061 692 4122 in
710 4060 1024 4125 innumerabilibus
1048 4061 1189 4126 auribus
1209 4060 1446 4144 circumcirca,

396 4293 498 4356 'Zdopo
512 4292 681 4357 corporibus
699 4294 818 4342 cancello
835 4308 870 4343 ne
888 4295 1001 4359 possint
1017 4295 1048 4343 M
1108 4297 1124 4344 3
1141 4287 1287 4360 spiralibus
1304 4297 1347 4347 M:
1366 4298 1447 4363 spiri-

305 4371 432 4422 tualibus
452 4375 473 4424 t'
536 4374 565 4422 14
582 4373 740 4437 impediant
758 4373 812 4423 CM
873 4377 903 4425 11
921 4380 965 4424 cst
981 4380 1043 4424 toto
1060 4375 1102 4424 M:
1122 4381 1184 4426 tota
1206 4385 1251 4426 est
1271 4377 1292 4428 0
1354 4378 1385 4427 19
1401 4394 1447 4444 ap-

308 4453 479 4518 pruehcndit
495 4452 558 4515 CM,
575 4450 753 4503 111111111111111
767 4453 868 4504 ultraue
931 4455 962 4503 27
978 4460 1123 4520 tamquam
1140 4459 1162 4509 t'
