3488 5108
656 404 787 451 taureas
806 404 964 450 rmenrm
987 403 1193 450 ararvaaru.
1432 392 1489 450 231

355 564 444 631 deat.
463 564 571 631 Casus
589 564 729 648 iuquam
746 563 840 627 casui
855 561 910 628 rel
926 561 1130 644 formaliter,
1147 561 1212 627 hoc
1226 569 1277 627 est
1293 562 1357 626 sub
1373 561 1489 627 cadem

353 688 539 755 locutionis
569 687 693 774 figura,
724 686 779 753 vel
808 686 1082 773 aequivalenter,
1113 686 1178 753 hoe
1204 694 1254 753 est
1283 687 1346 752 sub
1374 686 1491 751 eodem

355 812 576 901 significandi
600 813 700 879 modo
724 820 874 896 tantum,
903 820 942 878 ut
966 811 1146 898 quaerenti
1165 810 1267 898 ‘quid
1287 818 1338 875 est
1358 810 1490 875 sensiti-

356 938 480 1005 vuml'
499 937 747 1026 respondeatur
764 937 771 960 ²
786 938 976 1025 specierum
1004 937 1219 1004 sensibiliruu
1249 935 1492 1024 apprehensio*

312 1076 334 1138 5
357 1063 434 1145 (hoe
453 1069 504 1128 est
533 1061 739 1149 respondere
758 1084 819 1150 per
838 1061 984 1129 eundem
1015 1069 1157 1143 casum),
1176 1060 1279 1146 ‘quid
1299 1067 1350 1127 est
1369 1060 1496 1125 intelli·

355 1186 483 1273 gensl'
504 1201 532 1264 Β,
551 1185 630 1252 'ille
649 1187 709 1272 qui
724 1188 853 1275 speeies
873 1186 1115 1254 immateriales
1131 1185 1393 1275 apprehendit'3
1410 1192 1494 1250 tune

356 1313 448 1379 enim
468 1313 696 1401 respondetur
713 1337 775 1401 per
798 1315 945 1381 eundem
967 1337 1084 1382 casum
1112 1314 1379 1401 aequivalenter.
1409 1314 1493 1379 For-

357 1441 495 1509 maliter
514 1449 629 1509 autem
648 1442 871 1530 respondebis
890 1443 1116 1530 pereundam
1146 1466 1261 1509 casum
1280 1451 1314 1507 et
1333 1441 1494 1507 termina·

357 1570 487 1637 tionem
510 1569 655 1636 dicendo
685 1570 757 1637 ‘est
780 1573 909 1658 species
937 1572 1181 1638 immateriales
1206 1568 1494 1659 apprehendens‘

295 1704 336 1768 10
358 1695 457 1774 Quod
476 1695 505 1762 si
524 1694 654 1761 diceres
683 1694 993 1784 'apprehensivum
1007 1698 1030 1782 ⁸,
1061 1719 1132 1763 non
1151 1696 1290 1786 proprie
1318 1694 1493 1778 definires,

359 1824 440 1908 quia
476 1846 644 1910 quaerens
676 1825 913 1891 definitionem
947 1827 1074 1915 accipit
1107 1827 1292 1893 terminum
1327 1826 1364 1890 in
1397 1832 1494 1908 actu,

359 1953 596 2020 definitionem
615 1976 696 2020 vero
718 1953 857 2020 tradens
876 1954 1003 2042 accipit
1022 1955 1208 2022 terminum
1228 1954 1265 2019 in
1284 1951 1451 2041 potentia.

795 2246 1063 2321 EXEMPLA

533 2391 878 2479 QVOltVNDAM
921 2391 1322 2468 DEFINIBILIVM.

295 2675 336 2740 15
449 2661 551 2726 quta
576 2660 685 2746 igitur
703 2661 893 2747 proposita,
922 2667 960 2725 ut
980 2659 1234 2747 supradictum
1254 2667 1319 2742 est,
1339 2660 1426 2725 nihil
1447 2667 1499 2725 eat

360 2788 458 2854 cuius
475 2787 625 2853 nominis
641 2787 883 2874 interpretatio
899 2810 957 2853 seu
976 2786 1185 2871 significatio
1197 2786 1390 2873 ignoretur,
1405 2789 1498 2872 quod

359 2912 449 2979 hano
472 2912 659 2978 definiendi
682 2934 839 2977 normam
864 2912 1112 2998 subterfugiat,
1143 2912 1233 2997 quod
1263 2912 1415 2978 adhaec
1442 2936 1497 2999 ge·

360 3060 442 3105 nera
462 3039 637 3104 ethorum
656 3061 819 3124 generum
840 3038 1053 3103 ‹lill'ereutias
1072 3060 1143 3103 nou
1162 3037 1355 3103 reducatur.

449 3167 644 3233 Definiatur
672 3189 752 3251 erge
786 3188 912 3231 nomen
944 3189 1006 3253 per
1039 3166 1307 3231 instrumentum
1332 3166 1497 3245 hominis,

293 3293 338 3356 20
361 3293 404 3358 ad
421 3292 686 3378 significandum
706 3292 760 3356 rel
781 3292 1057 3356 intentionaliter
1080 3293 1135 3356 vel
1155 3291 1321 3358 vocaliter
1340 3291 1498 3357 substen-

360 3421 445 3485 tiam
463 3419 518 3484 vel
537 3418 694 3485 accidens
719 3442 761 3483 ex
783 3419 976 3505 penultimo
997 3419 1165 3505 Gigante,
1186 3419 1191 3507 1
1212 3442 1253 3483 ex
1276 3420 1399 3485 ultimo
1418 3443 1499 3486 vero
1527 3429 1641 3491 195¹

361 3551 413 3609 est
432 3545 539 3610 dictio
558 3544 775 3630 incomplexe
805 3546 857 3610 vel
879 3544 1091 3631 incomplexe
1121 3544 1321 3631 significans
1340 3546 1498 3612 substan·

362 3670 448 3735 tiam
468 3693 526 3735 seu
547 3670 704 3736 accidens
723 3694 782 3737 seu
801 3693 863 3736 res.

450 3799 480 3860 2.
501 3796 652 3863 Verbum
672 3796 735 3862 hoc
755 3797 860 3879 addrt,
878 3796 968 3881 quod
985 3796 1159 3883 signifieat
1179 3820 1254 3863 eum
1275 3805 1440 3884 ternpore,
1461 3806 1500 3863 ut

295 3920 338 3984 ‘25
363 3945 454 4006 sum,
468 3945 519 4002 es,
534 3928 598 4004 est,
618 3922 697 4000 tint,
719 3923 794 3987 orit.
815 3922 956 3987 Caetera
976 3923 1081 3987 verba
1100 3922 1299 4008 significant
1317 3923 1432 3988 omniu
1448 3946 1499 3987 ao·

365 4047 592 4113 oidcutaliter.

457 4328 526 4376 lez>
543 4329 569 4378 h.
585 4343 608 4376 e.
622 4329 664 4377 M:
681 4331 745 4387 -3-A
811 4332 827 4379 6
842 4329 942 4392 Rrillo:
957 4331 1005 4394 qui
1020 4329 1060 4379 el:
1076 4331 1163 4393 Itoni.
1177 4332 1207 4382 M
1213 4367 1220 4392 ,
1238 4331 1282 4380 cle
1298 4330 1382 4380 ariolae
1399 4331 1427 4378 al
1444 4332 1499 4378 aad

365 4409 402 4459 to
418 4409 495 4467 (Est)
509 4408 668 4474 specierum
681 4426 758 4459 senza
772 4409 979 4475 respondeatur·
1042 4414 1056 4462 7
1073 4411 1301 4477 aequivalentem
1316 4411 1338 4460 Α
1404 4412 1434 4461 19
1451 4424 1499 4475 per

364 4491 590 4540 instrumentum
608 4488 720 4541 innanzi
735 4509 752 4540 a
770 4507 873 4543 nomon
890 4494 924 4541 Al
988 4493 1112 4543 hominis
1131 4494 1205 4559 (hois
1226 4491 1271 4561 A)]
1279 4493 1358 4556 forae
1375 4491 1500 4543 nominis
