3488 5108
735 408 875 456 loreum
896 410 999 456 enum

685 778 763 850 DE
803 776 1047 854 RATIONE

389 919 609 997 ORDINIS
650 920 993 996 STATVARVM
1034 919 1341 996 MODALIVM.

384 1247 569 1314 Commode
587 1254 702 1314 autem
722 1247 880 1314 succedet
897 1271 1059 1336 praesens
1078 1250 1293 1317 discurrendi
1311 1252 1393 1319 ordo
1412 1276 1434 1318 a

292 1377 426 1443 ratione
444 1374 548 1441 unius
563 1373 607 1441 ad
622 1374 793 1440 rationem
812 1374 993 1462 principii;
1010 1376 1122 1462 primo
1138 1376 1231 1441 enim
1247 1385 1300 1444 est
1315 1400 1435 1460 unum,

248 1513 269 1577 5
291 1508 413 1590 utpote
423 1500 513 1567 ratio
525 1498 576 1565 rei
591 1499 758 1582 absoluta,
772 1521 876 1585 quam
888 1498 1073 1591 (sequitur)
1084 1501 1174 1566 ratio
1184 1501 1433 1589 principiandi‚

292 1650 379 1714 quae
403 1634 455 1693 est
478 1624 679 1713 respectiva.
703 1624 805 1689 Hanc
828 1623 984 1710 sequitur
1007 1624 1175 1691 habitudo
1198 1627 1366 1715 principii
1390 1627 1434 1693 ad

290 1751 548 1841 principiatum.
562 1751 663 1816 Hanc
679 1750 835 1837 sequitur
850 1749 991 1815 habitus
1006 1751 1061 1816 vel
1078 1751 1191 1817 simile
1209 1751 1359 1836 habitui,
1374 1756 1434 1839 qui

290 1892 341 1951 est
360 1885 547 1951 secundum
562 1884 659 1950 illam
677 1883 927 1950 habitudinem.
947 1884 1048 1949 Hanc
1061 1885 1219 1970 sequitur
1233 1884 1362 1950 notitia
1378 1907 1434 1972 ge

290 2011 455 2077 neraliter
470 2010 572 2076 dicta,
585 2010 755 2075 Notitiam
771 2010 928 2096 sequitur
941 2031 1048 2096 agens
1062 2033 1149 2092 esse3
1162 2010 1432 2097 unumquodque

226 2136 268 2198 10
290 2137 382 2202 enim
400 2144 440 2202 ut
459 2136 557 2201 novit
576 2135 663 2222 agit,
684 2141 805 2223 utpote
820 2157 863 2200 ex
883 2134 1018 2221 agentis
1037 2135 1172 2201 ratione
1191 2136 1246 2202 vel
1265 2158 1308 2202 ex
1326 2135 1432 2202 ideali

290 2262 520 2349 conceptione.
545 2260 719 2347 Agentem
743 2260 898 2345 sequitur
921 2258 1045 2343 forma,
1077 2261 1159 2346 quia
1187 2261 1334 2328 aetionis
1362 2267 1431 2327 ter-

289 2388 403 2453 minus
423 2393 474 2452 est
493 2386 704 2451 introductio
727 2385 838 2451 istius.
863 2384 1069 2471 Magnitudo
1089 2392 1124 2451 et
1144 2380 1356 2452 momentum
1380 2386 1431 2453 rei

289 2536 309 2578 a
327 2512 457 2578 formae
472 2513 606 2577 ratione
622 2509 811 2576 deducitur.
824 2510 975 2590 Habere,
995 2510 1170 2597 possidere
1186 2511 1344 2598 sequitur
1359 2534 1431 2578 ma·

286 2637 509 2725 gnitudinem
527 2635 660 2702 formae
679 2641 714 2700 et
732 2635 888 2701 actionis.
909 2635 1080 2701 Voluntas
1104 2636 1261 2721 sequitur
1278 2635 1430 2701 habendi

223 2764 264 2828 15
288 2763 457 2828 rationem
480 2760 536 2826 vel
566 2760 714 2826 carendi.
733 2760 906 2842 Medium,
926 2782 993 2845 quo
1024 2760 1186 2826 voluntas
1210 2758 1363 2825 defertur
1386 2761 1430 2826 ad

288 2888 459 2955 obiectum
477 2886 580 2971 illius,
593 2896 709 2951 actum
723 2886 819 2952 illius
830 2886 995 2972 sequitur.
1008 2885 1200 2951 Concordia
1213 2893 1265 2950 est
1276 2892 1428 2952 attactus

286 3013 477 3079 voluntatis
494 3011 777 3079 concordantium
795 3034 858 3099 per
881 3010 1041 3077 medium.
1065 3010 1293 3077 Differentiae
1314 3034 1429 3078 rerum

287 3148 368 3208 sunt
387 3166 407 3206 a
425 3140 612 3227 multiplici
632 3139 833 3206 concordiae
857 3161 916 3205 seu
940 3163 1126 3206 concursus
1146 3140 1294 3223 ratione;
1318 3142 1428 3207 coitus

286 3266 378 3331 enim
402 3265 565 3331 materiae
590 3288 667 3330 curn
692 3264 804 3329 forma
832 3264 1031 3352 multiplex,
1051 3288 1234 3332 numerum
1260 3273 1294 3330 et
1313 3289 1427 3332 rerum

219 3396 264 3459 20
284 3391 488 3457 varietatem
503 3389 703 3455 introducit.
716 3389 815 3454 Finis
828 3388 967 3455 tandem
985 3391 1057 3456 sive
1073 3391 1322 3457 consumtionis
1339 3397 1428 3474 (con-

285 3515 467 3603 ceptionis)
484 3516 557 3582 sive
573 3514 798 3601 perfectionis
814 3521 849 3579 et
865 3513 1071 3580 intentionis
1086 3514 1279 3581 discursum
1293 3515 1426 3582 conclu·

284 3641 364 3706 dere
381 3664 445 3727 par
464 3648 527 3706 est.

376 3938 392 3988 5
415 3938 494 4001 forse
520 3932 653 3987 absoluto
673 3936 709 3984 ΑΙ
788 3937 921 4001 sequitur
950 3953 999 3986 on.
1029 3936 1087 3986 Ar!
1163 3936 1356 4003 principiandi
1382 3937 1422 3988 A:

284 4017 417 4082 principii
434 4017 465 4066 111
526 4017 557 4066 10
573 4023 607 4066 ut
624 4016 752 4081 (cancella
768 4016 826 4079 egi)
844 4016 942 4080 novit,·
960 4016 1057 4079 agitA
1123 4018 1152 4067 16
1170 4023 1267 4082 actum
1286 4018 1365 4068 illius
1383 4033 1426 4069 ae-

284 4096 631 4164 quitur(sic)ll1,clreom.
649 4094 670 4146 il
684 4093 775 4161 primo
791 4096 872 4146 illiue
936 4098 966 4147 19
982 4113 1036 4146 non
1057 4094 1215 4164 inlcrpnnpc
1237 4097 1307 4161 dopo
1328 4100 1425 4150 multi·

283 4178 385 4244 plexit
449 4179 514 4228 20t.
533 4178 634 4228 Finem
699 4175 929 4242 consumptionis
945 4176 978 4226 M
1038 4178 1119 4228 2021
1143 4180 1363 4245 (conceptionis)
1382 4180 1422 4229 A:

283 4276 331 4310 oni.
346 4259 388 4310 M:
404 4257 428 4308 si
441 4258 616 4322 aspecteretbc
630 4259 690 4308 sive
705 4257 935 4307 consumationis
949 4263 979 4308 et
992 4257 1193 4323 perfectionis,
1209 4260 1270 4309 sive
1288 4258 1425 4311 intentio·

282 4339 369 4390 nicet
383 4339 580 4405 conceptionis
595 4339 641 4403 (cf.
652 4356 681 4401 p.
697 4338 739 4393 98,
758 4339 773 4385 7
786 4354 823 4401 aq.
840 4339 901 4398 104,
916 4339 952 4386 28
964 4354 1002 4400 aq.
1018 4339 1077 4401 etr.)
