3488 5108
361 372 420 431 298
801 391 942 437 1111111111
962 393 1063 439 savar

448 566 504 604 'rex-
520 565 554 604 11.
585 547 642 612 Ad
669 545 872 615 salvandam
902 549 1010 637 igitur
1045 557 1119 617 tum
1148 552 1300 640 priorem
1328 554 1498 620 rationem
1524 554 1670 619 38²3

360 672 402 738 de
431 673 675 739 contrarietate
704 673 896 760 primorum
921 676 1184 765 principiorum,
1216 683 1291 744 tum
1321 680 1426 745 etiarn
1457 701 1499 744 ne

361 798 640 864 contrarietatem
661 797 827 865 faciamus
840 801 1064 888 principium,
1082 804 1180 888 quasi
1198 803 1356 869 accidens
1373 810 1407 869 ot
1421 826 1501 889 qua·

360 922 440 988 litas
461 923 506 988 sit
525 932 606 988 ante
625 923 869 1008 substantiam,
894 926 1049 1012 cogimur
1072 928 1204 994 duobus
1223 928 1299 994 istis
1319 929 1501 994 contrariis

316 1064 337 1125 5
363 1051 532 1116 subiicere
553 1049 726 1135 quoddam
753 1051 894 1117 tertium
913 1075 973 1118 seu
991 1076 1096 1120 unam
1126 1055 1300 1140 quandam
1327 1063 1499 1139 naturam,

362 1199 469 1262 quam
501 1175 638 1260 antiqui
670 1174 832 1242 dicebant
860 1177 1059 1244 universum
1090 1202 1149 1245 seu
1177 1180 1212 1245 id
1244 1180 1334 1266 qnod
1365 1187 1434 1265 est,
1463 1187 1502 1246 ut

363 1325 488 1386 aquam
508 1309 569 1367 aut
588 1301 705 1387 ignem
724 1301 924 1369 authorum
942 1303 1101 1369 medium.

511 1579 655 1629 Comparatio
671 1580 784 1620 intereos
799 1580 837 1630 qui
852 1580 942 1619 tertium
957 1581 1069 1629 quoddam
1083 1582 1208 1623 subiiciunt
1221 1583 1350 1622 contrariis.

450 1823 483 1860 51.
509 1802 561 1866 Ex
584 1802 639 1866 his
662 1808 791 1885 autern,
819 1801 880 1887 qni
904 1801 1045 1869 tertium
1070 1802 1259 1868 subiiciunt
1288 1826 1351 1890 pro
1370 1810 1504 1868 contra-

298 1937 339 2001 10
361 1928 490 1994 riorum
521 1926 689 2008 subiect0‚
716 1924 753 1989 hi
783 1925 923 2011 quidem
946 1927 1186 1993 rationabilius
1218 1927 1330 1992 dicere
1360 1928 1504 1993 convin-

363 2059 501 2139 cuntur,
521 2051 581 2137 qui
600 2051 670 2116 tale
688 2051 864 2138 accipiunt
883 2051 984 2136 quale
1001 2051 1036 2114 in
1056 2074 1117 2117 sua
1134 2060 1258 2117 natura
1278 2051 1503 2119 contrarieta-

362 2188 432 2243 tem
455 2200 525 2243 non
548 2176 728 2259 admittat,
748 2199 792 2241 no
810 2176 971 2241 videlicet
995 2177 1109 2262 ipsum
1132 2176 1178 2241 sit
1198 2177 1423 2260 contrarium,
1444 2176 1503 2242 sed

362 2304 562 2370 indifferens
581 2302 625 2367 ad
643 2300 816 2367 contraria
835 2309 870 2366 et
886 2303 1002 2368 omnia
1022 2303 1231 2390 recipienda,
1262 2311 1382 2390 utpote
1410 2303 1503 2388 quod

362 2431 463 2496 debet
483 2428 627 2515 reperiri
647 2428 684 2492 in
703 2427 863 2493 omnibus
882 2428 1101 2494 naturalibus
1125 2427 1302 2515 speciebus
1322 2435 1357 2493 et
1380 2428 1504 2493 indivi-

298 2567 339 2631 15
363 2556 439 2622 duis
450 2580 457 2639 3
478 2562 688 2640 quapropter
708 2553 774 2634 illi,
796 2553 855 2638 qui
875 2553 989 2618 minus
1007 2553 1168 2619 sensibile
1188 2552 1380 2620 subiectum
1397 2555 1504 2619 intro-

362 2680 542 2764 duxerunt,
554 2679 679 2745 melius
696 2677 816 2744 fecisse
832 2676 993 2762 videntur·
1010 2687 1043 2743 et
1058 2685 1218 2744 naturam
1234 2678 1284 2743 rei
1299 2680 1442 2765 propius
1458 2680 1505 2744 ol·

362 2806 490 2871 fecisse.
505 2805 591 2869 Cum
603 2804 713 2890 igitur
727 2803 833 2890 ignis,
850 2808 952 2885 terra,
971 2812 1028 2867 atr
1045 2810 1079 2868 et
1096 2826 1183 2888 aqua
1201 2803 1504 2869 contrarietatibus

363 2934 433 2998 sint
451 2933 644 3019 complexa,
663 2954 734 2996 non
752 2928 1039 2996 irrationabiliter
1058 2930 1225 3012 lacerant,
1239 2931 1298 3014 qui
1312 2930 1505 2996 subiectum

362 3061 405 3125 ab
417 3060 471 3124 his
484 3060 631 3123 alterum
643 3081 702 3122 seu
713 3057 885 3123 diversum
898 3056 1173 3122 introduxerimt.
1184 3056 1282 3120 Inter
1294 3079 1410 3122 omnes
1424 3080 1504 3123 vcro

297 3201 341 3263 20
364 3186 486 3251 melius
505 3185 541 3249 hi
558 3183 685 3248 dixisse
702 3181 877 3264 videntur,
894 3182 954 3266 qui
971 3191 1084 3247 adrem
1102 3181 1294 3248 subiectum
1312 3184 1503 3266 voluerunt,

362 3312 444 3395 quia
476 3309 688 3373 ditlbrentias
719 3308 832 3372 minus
863 3307 1041 3372 sensibiles
1072 3306 1126 3370 vel
1158 3306 1300 3371 minime
1326 3307 1503 3373 sensibiles

361 3436 502 3517 habeat,
522 3456 625 3518 quam
654 3433 745 3519 ignis
768 3440 802 3497 et
828 3455 926 3517 aqua.
956 3432 1108 3497 Subinde
1138 3431 1260 3496 melius
1289 3433 1348 3516 qui
1378 3455 1503 3518 aquam

361 3559 553 3624 subiectum
573 3558 741 3638 fecerunt,
758 3579 861 3642 cluam
877 3555 963 3647 (qui)
979 3557 1109 3643 ignem,
1132 3557 1190 3641 qui
1206 3564 1258 3621 ost
1272 3556 1503 3624 activissimus

361 3687 607 3750 elementorum
627 3691 661 3746 et
677 3681 930 3747 efficacissimae
948 3682 1210 3746 contrarietatis.
1233 3684 1237 3769 l
1259 3683 1381 3766 Itaque
1397 3704 1504 3748 unum
1530 3694 1675 3760 28vB

295 3822 338 3883 ⁸25
362 3809 448 3874 illud
478 3808 687 3891 subiectum,
709 3806 936 3893 quodcunque
966 3806 1024 3887 sit,
1056 3806 1237 3871 contrariis
1268 3807 1433 3893 figurant,
1465 3816 1503 3872 ut

363 3934 538 3999 densitate
558 3941 591 3997 et
611 3933 767 4014 raritate,
789 3955 926 3996 excessu
946 3940 980 3996 et
999 3932 1146 4012 defcctu3
1178 3933 1268 3997 undo
1292 3933 1435 4018 antiqua
1455 3941 1507 3997 est

366 4059 498 4144 opime,
519 4057 609 4143 quod
637 4058 705 4122 tria
735 4065 815 4122 sunt
835 4057 1017 4143 principia:
1044 4080 1164 4139 unum,
1189 4058 1506 4145 superabundantia

454 4374 784 4441 5.tcs..11r.p.189⁶2
848 4376 878 4424 10
893 4373 1114 4424 rationabilibus
1141 4374 1168 4423 E
1230 4377 1260 4422 lu
1282 4380 1389 4432 omncs]
1409 4374 1426 4422 1.
1447 4390 1507 4424 cae-

363 4467 442 4507 toros
505 4457 736 4507 achimeliust'
803 4455 1009 4505 ddhaboantE
1071 4454 1297 4520 23(qui)0m.E
