3488 5108
752 396 913 443 mumolus
934 395 1107 444 nunninus.

772 768 846 842 DE
887 767 1086 846 VRINIS.

446 1039 502 1104 Ad
532 1038 696 1105 maiorem
725 1038 875 1104 febrium
904 1046 939 1104 et
970 1038 1167 1104 morborum
1191 1039 1405 1105 evidentiam
1426 1061 1504 1104 con-

357 1164 545 1251 templatur
568 1163 719 1230 medicus
744 1165 896 1248 urinam,
923 1163 1019 1230 cuius
1043 1164 1134 1230 sicut
1161 1169 1309 1250 quatuor
1336 1172 1418 1231 sunt
1441 1165 1504 1230 ele·

357 1297 490 1372 menta,
511 1289 560 1354 ita
580 1297 729 1374 quatuor
753 1296 835 1356 sunt
860 1289 1008 1370 colores;
1031 1296 1067 1355 et
1090 1289 1180 1356 sieut
1204 1314 1246 1356 ex
1271 1296 1419 1378 quatuor
1440 1292 1504 1357 ele-

313 1423 334 1487 5
358 1414 485 1479 mentis
515 1414 742 1480 diversimode
772 1415 951 1500 graduatis
975 1421 1011 1480 et
1035 1416 1319 1482 concurrentibus
1349 1416 1504 1482 diversae

356 1540 568 1628 proveniunt
591 1539 845 1627 complexiones
875 1562 1003 1623 rerum,
1023 1540 1073 1605 ita
1093 1541 1158 1607 sub
1177 1541 1335 1627 potentin
1355 1547 1504 1626 quatuor

358 1665 509 1731 colorum
528 1664 775 1753 principalium
793 1666 922 1730 colores
941 1686 1058 1730 omnes
1077 1664 1138 1730 alii
1162 1665 1403 1750 continentur,
1424 1686 1503 1751 quo·

359 1813 436 1856 rum
453 1786 668 1855 differentiae
686 1789 886 1856 iudicantur
902 1812 943 1854 ex
962 1789 1199 1876 praedominio
1219 1790 1321 1856 unius
1344 1791 1400 1856 vel
1424 1791 1507 1856 alte·

359 1917 445 2000 rius,
463 1923 566 2003 prout
585 1915 630 1980 ad
648 1921 758 1981 certos
775 1915 904 1981 colores
920 1915 1023 1980 datur
1042 1915 1190 1981 accessio
1210 1916 1319 1981 maior
1338 1922 1372 1980 et
1391 1917 1505 1982 minor

298 2051 338 2114 10
359 2064 421 2129 per
440 2041 604 2107 maiorem
623 2048 658 2105 et
676 2040 844 2105 minorem
863 2040 966 2105 unius
986 2041 1040 2106 vel
1060 2040 1202 2106 alterius
1222 2040 1382 2106 elementi
1399 2041 1506 2128 parti-

360 2166 579 2255 eipationem.

448 2290 675 2359 Differentiae
694 2292 846 2357 colorum
869 2312 986 2357 omnes
1011 2296 1197 2357 causantur
1220 2286 1262 2357 ex
1288 2313 1356 2356 una
1374 2290 1504 2378 prima,

360 2443 447 2508 quae
464 2427 516 2485 est
534 2421 626 2484 inter
646 2418 762 2485 album
779 2425 814 2483 et
830 2419 987 2503 nigrum,
1003 2418 1186 2484 obscurum
1203 2424 1237 2483 et
1253 2418 1400 2501 clarum,
1417 2416 1504 2482 lucis

360 2552 395 2611 et
413 2545 644 2610 tenebrarum.

297 2708 337 2772 15
450 2711 639 2791 Praecipuae
661 2710 855 2772 differentiae
882 2720 913 2772 et
935 2710 1123 2774 cardinales:
1145 2712 1292 2789 lucidum,
1321 2713 1503 2788 obscurum

360 2819 475 2897 album,
493 2820 632 2896 nigrum
650 2819 802 2898 spissum,
818 2839 936 2896 rarnm3
953 2827 1059 2897 tenue,
1078 2840 1223 2880 crassum.

449 2976 602 3042 Subinde
615 2977 782 3043 accedunt
793 2976 1010 3042 differentiae
1026 2977 1125 3043 iuxta
1139 2977 1423 3065 perspicuitatem
1443 3001 1504 3044 seu

360 3102 552 3169 claritatem
576 3109 680 3189 atque
703 3101 933 3169 subtilitatem
957 3124 999 3183 eu
1023 3124 1092 3168 una
1115 3108 1228 3189 parte,
1254 3125 1295 3167 ex
1326 3103 1394 3168 alia
1424 3125 1506 3169 vero

361 3227 595 3311 obscuritatis,
620 3227 788 3294 crassitiei
811 3234 846 3292 et
871 3225 1093 3292 confusionis.
1119 3227 1241 3312 ltaque
1266 3226 1394 3294 multae
1424 3235 1507 3293 sunt

295 3358 339 3421 20
362 3353 526 3440 speciales
543 3345 695 3419 colorum
709 3352 830 3418 urinae
845 3350 1071 3435 differentiae,
1084 3351 1174 3417 sicut
1190 3351 1296 3418 etiam
1313 3352 1505 3418 humorum.

361 3477 416 3542 Ad
440 3499 586 3563 quarum
609 3476 900 3563 specificationem
923 3483 958 3541 et
981 3476 1092 3562 magis
1115 3477 1292 3564 propriam
1317 3476 1507 3543 considera

361 3603 491 3667 tionem
519 3599 580 3687 qni
603 3603 795 3687 accesserit,
821 3601 1019 3668 distinctius
1042 3600 1212 3667 iudicabit
1236 3609 1271 3667 et
1295 3601 1504 3688 operabitur.

453 3808 531 3871 2sqq.
543 3807 588 3856 Ad
602 3807 737 3857 maiorem
752 3806 925 3857 evidentiam
938 3806 1062 3858 febrium
1076 3812 1106 3858 et
1120 3807 1283 3858 morborum
1298 3805 1508 3873 praedictorum

362 3886 515 3938 videndum
530 3892 575 3937 est
587 3887 642 3938 hoo
654 3887 717 3938 loco
731 3888 766 3937 de
781 3887 885 3951 urinis,
900 3895 929 3937 et
943 3889 1100 3939 secuudum
1117 3888 1194 3954 quod
1211 3893 1281 3938 sunt
1297 3893 1436 3953 quattuor
1454 3888 1509 3937 cle·

363 3975 468 4028 monta,
482 3973 621 4033 quattuor
634 3975 704 4019 sunt
718 3970 828 4018 colores
842 3968 1002 4035 generales,
1022 3969 1076 4019 sub
1089 3969 1194 4035 quibus
1209 3969 1396 4019 eontinentur
1409 3972 1509 4032 poten·

363 4051 403 4099 tia
415 4050 513 4114 plures
528 4048 694 4113 compositu
710 4063 773 4098 nam
791 4047 867 4100 siout
882 4063 969 4098 unum
984 4051 1157 4100 elementum
1175 4050 1205 4099 in
1222 4057 1289 4100 aotu
1307 4049 1438 4099 eontinet
1451 4049 1509 4099 alis

363 4131 391 4178 in
406 4128 550 4193 potentia,
567 4131 608 4178 sic
625 4136 654 4179 et
671 4130 734 4178 eius
752 4129 831 4180 color
848 4144 947 4179 omnes
966 4146 1066 4180 eorum
1084 4131 1210 4193 colores,
1230 4137 1259 4179 et
1276 4130 1442 4181 multisunt
1459 4129 1510 4179 alii

364 4211 465 4274 quiex
485 4210 679 4260 dissolutione
701 4212 851 4261 humorum
873 4220 1013 4276 apparent
1034 4211 1065 4260 iu
1087 4211 1205 4275 speciali
1225 4211 1261 4260 ad
1285 4210 1508 4272 significandum

364 4290 560 4355 aegritudines
574 4291 777 4355 particulares;
789 4296 817 4341 et
831 4292 898 4356 quia
911 4306 962 4356 per
977 4291 1152 4342 universalia
1164 4297 1262 4356 potest
1276 4292 1310 4341 ad
1324 4292 1511 4357 particularia

364 4371 552 4421 condescendi
575 4372 617 4436 (p.
641 4373 702 4431 606,
725 4372 749 4434 1)
767 4377 812 4421 etc.
839 4370 867 4420 X
874 4388 880 4435 ;
899 4371 933 4435 cf.
955 4371 1027 4422 Lali.
1044 4389 1074 4437 p.
1092 4374 1141 4421 361²
1204 4372 1316 4440 4sunt}
1334 4376 1364 4423 et
1380 4376 1449 4422 sunt
1465 4369 1510 4421 Mt

365 4451 403 4500 15.
415 4450 445 4498 16
462 4448 491 4498 in
503 4466 588 4516 uterq.
604 4451 635 4500 M
