3488 5108
539 410 628 456 imru
650 371 862 458 rursrcoavu
881 413 1095 460 naisroruars
1116 415 1312 463 arrianam.
1442 404 1500 461 325

355 565 509 633 universi
529 574 633 651 atque
656 575 769 633 motus
789 567 857 632 tale
873 569 1084 656 principium
1104 579 1304 656 agnoscant.
1324 572 1396 639 Nos
1415 595 1496 639 vero

355 715 395 756 ea
415 713 503 776 quae
521 692 613 757 fiunt
631 700 671 757 ut
690 693 728 757 in
747 692 907 758 omnibus
926 695 981 758 vel
1000 702 1039 759 ut
1063 695 1100 759 in
1119 697 1290 782 pluribus
1311 703 1349 764 ut
1374 721 1415 763 ex
1434 698 1498 763 tali

356 816 485 881 semine
505 816 574 881 tale
605 817 747 900 animal,
769 841 809 882 ex
837 817 900 882 tali
923 819 1044 904 planta
1073 819 1154 885 talis
1178 821 1324 907 fructus,
1352 822 1499 888 subtuli

356 939 466 1006 sidere
487 942 492 1028 l
513 941 599 1007 tales
619 941 773 1026 effectus,
793 965 864 1009 non
881 965 974 1009 casu
994 943 1140 1011 dicimus
1160 954 1221 1012 aut
1240 946 1418 1032 fortuna,
1439 948 1498 1013 sed
1525 945 1612 1009 29¹·
1628 943 1664 1007 0
1696 956 1701 965 ’

314 1072 334 1133 ἵ)
357 1066 400 1131 ab
420 1066 654 1153 intelligentia
673 1068 729 1132 vel
748 1076 888 1151 natura;
909 1091 996 1154 quae
1015 1093 1096 1137 vero
1112 1077 1250 1158 praeter
1268 1072 1498 1139 intentionem

359 1199 393 1256 et
410 1198 572 1258 naturam
591 1194 757 1260 eveniunt
777 1201 882 1280 atquc
909 1218 987 1262 raro
1007 1202 1041 1260 et
1060 1218 1131 1262 non
1150 1221 1192 1263 ex
1211 1197 1352 1265 definito
1372 1201 1500 1286 princi·

356 1320 428 1408 pio,
459 1328 499 1387 ut
518 1321 610 1408 quod
629 1322 755 1408 aliquis
774 1323 939 1390 effodiens
959 1325 1177 1412 sepulchrum
1201 1326 1337 1394 invenit
1365 1327 1501 1393 thesau-

358 1470 449 1531 rum,
470 1470 549 1514 eoa
583 1449 751 1515 fortuna
783 1450 929 1516 dicimus
948 1474 1008 1518 seu
1042 1451 1231 1519 fortunas
1263 1453 1294 1518 'si
1314 1453 1357 1519 ad
1382 1461 1502 1520 votum

358 1573 536 1659 eveniunt,
557 1574 791 1641 infortunia
810 1599 891 1644 vero
911 1578 940 1642 si
960 1583 1081 1645 contre
1100 1586 1228 1645 votum.

694 1857 830 1898 Disserentur
846 1858 906 1897 lotor
921 1858 1036 1899 torinnam
1050 1863 1073 1898 ct
1087 1868 1173 1899 enum.

448 2066 625 2130 Differunt
644 2073 760 2130 alitem
784 2066 924 2130 fortuna
944 2073 978 2129 ot
1001 2087 1113 2147 casuS,
1140 2065 1221 2149 quia
1242 2088 1339 2130 casus
1364 2065 1502 2131 univer-

359 2194 464 2258 salius
484 2192 648 2278 quiddam
667 2200 734 2276 cst;
759 2192 997 2258 diciturenim
1016 2200 1092 2256 tum
1111 2191 1148 2256 in
1167 2191 1221 2258 his
1241 2215 1328 2277 quae
1348 2215 1389 2257 ex
1410 2192 1501 2258 arbi·

359 2319 427 2384 trio
446 2327 556 2406 agunt
572 2343 631 2385 seu
651 2319 879 2385 rationalibus
898 2319 1095 2405 praecipue,
1115 2325 1191 2384 tum
1214 2319 1252 2384 in
1271 2320 1413 2405 reliquis
1433 2341 1504 2384 orn-

360 2447 476 2528 nibus;
498 2447 587 2512 unde
608 2470 687 2512 casu
708 2446 834 2531 aliquis
857 2446 993 2511 invenit
1011 2445 1211 2511 thesaurum
1235 2468 1338 2531 quem
1369 2445 1503 2531 quaesi·

296 2581 337 2643 15
359 2574 479 2658 visset,
500 2597 580 2640 casn
600 2575 742 2639 brutum
761 2571 885 2638 incidit
901 2572 938 2636 in
956 2572 1104 2655 lorcam,
1125 2594 1205 2637 casu
1224 2578 1502 2658 praetereuntem

360 2701 449 2788 lapis
473 2701 633 2766 decidens
657 2700 835 2765 interemit
871 2722 929 2763 seu
959 2721 1038 2763 casu
1069 2698 1159 2784 lapis
1187 2698 1319 2764 cecidit.
1347 2698 1504 2764 Fortuna

361 2849 441 2891 voro
458 2827 596 2913 proprio
616 2825 743 2891 dicitur
761 2823 879 2889 'carisa
902 2823 940 2888 in
960 2823 1012 2887 his
1033 2846 1121 2907 quam
1141 2824 1229 2888 fiunt
1252 2846 1329 2888 raro
1349 2846 1388 2889 ac
1407 2846 1503 2911 prae·

362 2962 415 3019 ter
433 2953 664 3018 intentionem
684 2950 720 3015 in
751 2950 804 3014 his
824 2972 911 3034 quac
932 2956 1041 3035 agunt
1064 2949 1252 3016 seeundum
1269 2949 1505 3036 electioncm',

363 3077 453 3143 unde
470 3078 610 3142 fortuna
630 3084 767 3141 tantum
791 3074 918 3141 (licitur
941 3075 979 3138 in
1001 3074 1161 3139 humanis
1180 3081 1214 3139 et
1233 3075 1323 3140 circa
1340 3075 1502 3156 humanm

296 3212 341 3274 ‘20
364 3202 453 3268 undo
488 3201 735 3288 metaphorice,
774 3222 844 3265 non
877 3206 993 3264 autem
1028 3198 1166 3286 proprie
1201 3199 1353 3285 [quidam
1391 3203 1504 3286 pocta]

365 3326 572 3391 Protarchus
592 3326 682 3391 dixit
699 3325 912 3391 ‘fortunatos
936 3323 1083 3411 lapides,
1101 3347 1143 3388 ex
1176 3324 1299 3408 quibus
1319 3347 1397 3391 arae
1423 3332 1504 3390 suut

365 3451 600 3518 constructae?

453 3602 487 3641 u.
512 3580 610 3645 Inter
630 3601 749 3645 causas
780 3599 861 3663 ergo
881 3576 1067 3642 efficientes
1091 3599 1161 3643 non
1184 3563 1330 3663 primae,
1350 3575 1409 3641 scd
1427 3575 1507 3640 ulti-

367 3730 440 3772 mae
459 3704 637 3771 habendae
657 3710 737 3768 sunt
754 3725 851 3768 casus
870 3710 904 3766 et
921 3702 1073 3786 fortuna,
1093 3701 1371 3788 quandoquidem
1388 3723 1507 3766 causas

299 3835 342 3897 25
366 3856 427 3919 por
447 3830 604 3896 accidens
632 3829 838 3914 posteriores
862 3835 997 3914 oportet
1028 3851 1099 3893 csso
1128 3828 1239 3893 causis
1258 3849 1320 3913 per
1349 3850 1398 3909 se,
1418 3825 1508 3890 sicut

367 3955 562 4022 substantia
581 3955 676 4041 prior
705 3960 757 4019 est
776 3953 962 4019 accidente.
984 3952 1149 4030 Quocirca
1168 3952 1322 4020 universi
1353 3974 1455 4017 causa
1474 3957 1508 4014 et

460 4320 473 4367 l
489 4315 589 4368 modus
600 4315 632 4377 E,
643 4332 686 4364 ara
696 4313 731 4376 cs.
743 4313 829 4362 Arist.
840 4329 870 4375 p.
886 4313 946 4361 196⁶
967 4314 1001 4360 20
1009 4328 1047 4375 sq.
1095 4314 1125 4362 16
1134 4310 1275 4362 interimit
1286 4314 1308 4362 (J
1352 4312 1393 4362 20.
1403 4312 1432 4360 21
1448 4311 1509 4376 qui·

367 4401 431 4450 dam
450 4400 545 4463 (marp.
565 4395 750 4458 Protarchus)
768 4398 853 4459 poete
872 4393 907 4442 B:
925 4392 1046 4442 abbiamo
1062 4392 1208 4441 scarcellam
1225 4392 1340 4458 quidam
1358 4398 1444 4457 poeta
1458 4392 1505 4456 (rs.

368 4480 450 4528 ourlm
464 4479 559 4543 Fipur.
571 4476 650 4540 phys.
665 4474 729 4524 aud.
741 4491 770 4539 p.
787 4476 843 4534 159,
860 4475 903 4538 14)
