3488 5108
679 420 803 466 anesus
824 423 869 467 aa
889 421 1003 467 rison.
1352 405 1412 467 467

269 597 450 661 quaecum
471 576 565 642 illius
594 578 745 664 corporis
775 578 920 642 materia
950 576 1225 642 communionem
1256 577 1409 663 aliquam

269 701 413 788 adeptae
432 708 527 781 sunt,
546 709 580 765 et
598 702 851 781 instrumentis,
873 725 992 767 verum
1011 703 1130 785 etiam,
1155 702 1184 766 si
1208 701 1409 788 profundio-

267 825 315 890 ris
335 826 401 890 erit
419 825 560 891 virtutis
580 832 614 891 et
637 825 820 910 efficaciae,
849 826 1044 892 immediate
1069 827 1310 915 perspiritum
1335 827 1411 891 uni·

240 976 245 982 ·
270 951 358 1015 versi
378 951 494 1016 omnia
512 951 642 1038 poterit
661 951 833 1038 perficere.

224 1142 245 1203 ὗ
358 1151 451 1211 Ratio
469 1152 559 1213 istius
577 1173 614 1212 ex
627 1152 824 1230 praecedenti
840 1152 1046 1213 distinctione.

786 1424 900 1490 XVH.

357 1640 508 1726 (torpore
537 1638 687 1703 menime
719 1636 832 1704 activa
867 1644 947 1703 sunt
977 1638 1205 1723 insensibilia,
1226 1662 1313 1726 quae
1343 1643 1411 1707 Lu-

268 1765 395 1830 cretius
406 1764 563 1850 'corpora
575 1762 688 1829 caeca’
705 1763 872 1850 appellut;
885 1770 919 1827 et
931 1785 1054 1850 corpus
1067 1771 1197 1848 quanto
1214 1765 1411 1831 sensibilius

268 1897 337 1973 est,
357 1896 457 1954 tanto
480 1888 595 1953 minus
618 1894 671 1952 est
692 1887 847 1952 activum
865 1895 899 1952 et
930 1888 1041 1973 magis
1068 1888 1253 1975 passivum.
1283 1890 1411 1955 Huius-

203 2015 246 2084 10
267 2013 361 2079 modi
380 2021 432 2079 est
451 2013 607 2100 spiritus,
628 2035 729 2097 quem
750 2011 894 2077 eundem
913 2012 1059 2078 dicimus
1079 2021 1192 2079 aerem
1212 2021 1245 2078 et
1265 2014 1411 2080 eundem

267 2140 431 2205 dixerunt
465 2139 616 2205 animam
642 2138 798 2226 plerique
825 2137 1119 2225 philosophorum,
1153 2161 1172 2204 a
1207 2161 1274 2224 quo
1302 2140 1411 2225 ignis,

266 2273 371 2353 prout
391 2265 557 2330 definitur
575 2265 620 2330 ab
640 2264 840 2349 Aristotele,
859 2287 930 2329 non
959 2263 1027 2330 nisi
1054 2264 1231 2330 accidente
1263 2265 1411 2349 quodam

268 2390 406 2457 differre
444 2390 591 2456 videtur.
629 2391 730 2457 Unde
767 2390 889 2456 melius
929 2391 997 2456 tria
1030 2391 1201 2457 elementa
1239 2392 1411 2458 nominari

267 2515 443 2597 videntur,
471 2515 546 2580 loco
576 2515 667 2601 ignis
691 2514 885 2580 adiiciendo
906 2514 1032 2597 lucem,
1058 2515 1148 2582 sicut
1167 2515 1252 2581 fecit
1273 2516 1412 2600 Moises,

203 2644 245 2708 15
269 2642 445 2723 Chaldaei,
466 2642 655 2708 Mercurius
675 2641 884 2729 Trimegista
904 2650 938 2707 et
958 2641 1123 2729 Orpheus.
1173 2722 1176 2730 Ι

358 2839 449 2899 Ultra
466 2858 501 2899 ea
518 2856 594 2913 quae
611 2844 682 2896 sunt
700 2837 730 2895 in
748 2835 875 2896 articulo
893 2835 1031 2912 xv1110,
1060 2836 1226 2896 notandum
1253 2845 1301 2896 est
1328 2837 1410 2913 quod

269 2945 455 3005 Aristoteles
472 2946 572 3021 ignem
590 2943 665 3002 nihil
683 2942 766 3003 aliud
783 2942 862 3002 dixit
879 2962 962 3019 esse,
980 2962 1069 3018 quem
1086 2949 1186 3002 aerem
1204 2944 1356 3019 attritum,
1376 2957 1407 3004 et

270 3072 306 3112 ex
321 3053 401 3112 aeris
418 3050 575 3112 attritione
593 3051 730 3127 genitum
753 3069 822 3111 esse
840 3049 931 3125 dixit,
951 3070 1028 3126 quae
1047 3050 1164 3110 attritio
1182 3058 1230 3110 est
1247 3071 1284 3111 ex
1301 3053 1415 3131 rapidi·

271 3170 334 3220 tete
352 3167 452 3218 motus
469 3158 627 3235 caelestis,
649 3166 680 3217 et
701 3165 864 3235 propterea
881 3156 961 3232 ignis
982 3157 1020 3216 ab
1041 3164 1111 3216 aere
1128 3156 1159 3215 in
1181 3158 1232 3217 vie
1247 3158 1331 3219 illius
1349 3180 1408 3219 non

203 3266 247 3329 20
269 3265 375 3326 differt
390 3265 460 3344 plus
478 3285 567 3340 quam
583 3284 680 3342 vapor
697 3266 734 3323 ab
752 3284 844 3339 aqua,
864 3281 971 3339 nempe
988 3262 1046 3322 hoc
1067 3264 1133 3323 solo
1151 3265 1231 3339 quod
1247 3274 1295 3324 est
1312 3267 1409 3342 magis

269 3371 462 3430 rarefactum.
489 3371 586 3429 Porro
612 3371 692 3429 sicut
722 3388 820 3446 vapor
845 3377 988 3445 respectu
1008 3388 1104 3444 aquae
1131 3389 1241 3428 novam
1270 3370 1413 3429 elementi

270 3476 404 3556 speciem
436 3499 454 3535 n
476 3498 494 3533 a
517 3500 547 3554 a,
574 3476 618 3536 ita
643 3496 742 3552 neque
773 3475 826 3534 ille
854 3475 934 3551 ignis
961 3485 1103 3554 respectu
1140 3476 1219 3536 atris
1245 3476 1413 3554 producere

270 3586 404 3646 debebit.

361 3693 495 3753 Proinde
514 3691 592 3768 ignis
611 3710 700 3749 causa
719 3690 842 3750 videtur
869 3710 938 3750 esse
957 3691 1020 3767 lux,
1050 3711 1127 3767 quae
1145 3701 1272 3771 repente
1298 3695 1413 3770 alisque

205 3800 248 3864 25
271 3811 371 3861 motus
389 3801 531 3860 continua
545 3799 737 3859 successione
756 3799 793 3856 ab
809 3798 957 3858 immenso
980 3799 1083 3876 spacio
1113 3800 1243 3860 calorem
1265 3803 1415 3861 exuscitet

271 3918 302 3968 et
317 3909 419 3985 ignem
435 3928 523 3984 quem
542 3907 669 3966 dicimus
687 3906 831 3983 ingignit‚
848 3915 880 3965 et
894 3906 945 3964 lux
960 3906 1166 3966 videturesse
1185 3908 1367 3968 elementum
1385 3921 1415 3968 et

281 4069 481 4079 --———-—-
498 4070 738 4077 ———..-.-—-
754 4071 1053 4077 -——--—-—-——.
1063 4072 1135 4078 ⁴.-..r.„

363 4161 599 4227 2si02qtttM
660 4162 974 4222 attentatarum
1042 4165 1244 4214 revideant*
1307 4166 1415 4214 15681-

271 4245 332 4294 daei
352 4246 373 4295 0
436 4242 1111 4306 Trisrnegiata()'(?)‚macs.sopraap.397,5
1175 4243 1205 4293 17
1223 4245 1272 4294 Ar.
1285 4243 1326 4293 De
1342 4243 1412 4295 Cael.

637 4338 683 4365 uon

271 4378 322 4427 137.
334 4379 400 4426 289«
423 4380 453 4427 19
466 4395 519 4442 sqq.
584 4375 614 4424 19
628 4394 645 4425 n
660 4394 677 4424 a
692 4394 708 4425 a
723 4374 745 4427 0
805 4377 837 4426 2‘2
851 4374 1012 4428 indicbiamo
1031 4395 1087 4428 aina
1104 4379 1201 4429 lacuna
1220 4381 1283 4442 (per
1293 4395 1328 4428 ee.
1343 4387 1414 4436 (non

271 4459 428 4528 producte)
492 4458 686 4509 rtexoitett'

1438 1421 1584 1483 31rM
