3488 5108
308 364 368 427 564
744 380 884 427 rounam
905 380 1008 426 anum

309 537 352 601 ab
372 537 533 603 instituto
552 537 758 603 abstineant.
780 537 969 624 Vulgatum
989 543 1041 603 est
1060 537 1188 602 malum
1207 557 1309 601 omen
1328 556 1373 600 ex
1393 555 1453 598 oo·

309 683 410 726 cursu
433 661 604 744 monachi,
629 661 688 727 sed
711 663 840 728 bonum
864 685 905 727 ex
935 683 1078 728 occursu
1109 661 1270 749 pulchrae
1294 658 1451 746 puellae,

307 786 532 872 praegnantis
551 786 720 853 foeminae
738 786 912 875 portantis
930 786 1090 873 hydriam
1113 807 1240 872 aquae,
1259 784 1351 851 unde
1370 782 1452 872 plu·

307 911 378 995 via,
398 911 639 998 claudicantis,
654 911 898 996 mendicantis,
914 934 1031 979 rerum
1047 911 1207 1000 penuria,
1224 909 1454 997 impedimen·

264 1049 284 1111 ἵ)
307 1042 402 1123 tum,
421 1038 529 1104 feram
550 1061 627 1105 oum
645 1040 742 1126 prole
761 1038 893 1126 negotii
910 1037 1129 1104 sterilitatem
1145 1035 1329 1124 praesagit.
1349 1034 1452 1100 Idem

307 1184 424 1229 omnes
455 1163 490 1228 in
520 1185 581 1229 suo
608 1163 729 1230 ordine
763 1170 909 1253 possunt
942 1162 1132 1246 observari,
1167 1159 1452 1248 quandoquidem

306 1288 452 1354 stultum
471 1295 523 1355 est
540 1295 576 1354 et
594 1310 722 1355 vanum
742 1290 877 1355 credere
896 1289 934 1354 in
953 1288 1114 1354 omnibus
1132 1309 1203 1353 non
1222 1308 1295 1353 esse
1313 1285 1452 1373 signifi·

306 1413 408 1480 candi
426 1415 608 1499 virtutem,
628 1422 669 1481 ut
691 1414 821 1480 dictum
845 1420 914 1499 est,
938 1421 1082 1502 propter
1104 1421 1232 1478 certam
1259 1411 1449 1478 affectuum

306 1540 641 1628 correspondentiam
655 1546 689 1605 et
704 1539 1007 1607 coordinationem.
1027 1538 1179 1605 Tametsi
1194 1537 1354 1604 voluntas
1371 1559 1451 1625 par·

242 1672 283 1735 10
306 1666 503 1732 ticularium
527 1666 572 1731 sit
595 1687 666 1731 non
685 1671 818 1747 coacta,
838 1689 909 1732 non
928 1666 1071 1731 definita
1094 1663 1138 1730 ad
1161 1685 1269 1730 unum
1293 1671 1452 1746 conltra·
1478 1657 1569 1721 54¹

305 1791 528 1858 dictoriorum
552 1792 720 1875 absolute,
740 1798 858 1856 tamen
876 1790 1020 1856 libertas
1044 1797 1079 1855 et
1103 1789 1225 1856 electio
1250 1796 1343 1855 certo
1363 1810 1451 1875 quo-

304 1917 382 1983 dam
408 1917 527 1982 ordine
550 1917 658 1983 currit
676 1925 711 1983 et
734 1916 866 1982 definit.
890 1918 936 1982 Et
959 1916 1124 1981 nimirum
1144 1914 1232 1981 nihil
1251 1914 1451 1980 absolutum

305 2047 357 2107 est
374 2041 572 2124 fortuitum,
592 2063 694 2128 porro
713 2041 854 2109 fortuna
871 2049 905 2106 et
925 2063 1022 2107 casus
1041 2048 1122 2107 sunt
1140 2040 1281 2105 nomina
1299 2037 1450 2103 incerto-

304 2188 381 2233 rum
406 2174 603 2250 eventuum,
629 2168 688 2253 qui
716 2166 835 2233 collati
864 2166 907 2231 ad
931 2172 1085 2232 nostram
1110 2163 1341 2251 cognitionem
1363 2171 1449 2230 sunt

241 2295 281 2358 15
304 2291 518 2376 huiusmodi,
547 2291 590 2357 ad
620 2314 698 2358 eum
725 2314 806 2358 vero
830 2293 890 2379 qui
919 2290 1146 2380 particularia
1168 2289 1286 2356 omnia
1304 2297 1344 2355 ut
1363 2295 1449 2354 sunt

303 2419 469 2521 disposita
496 2418 560 2485 sub
588 2418 699 2484 causis
727 2418 979 2486 universalibus
1012 2417 1193 2503 intelligit,
1223 2417 1264 2482 de
1293 2414 1448 2502 singidu-

303 2547 399 2612 ribus
418 2552 453 2610 et
475 2545 665 2612 individuis
693 2546 945 2613 exactissimam
971 2546 1077 2612 habet
1105 2544 1290 2625 rationem
1320 2552 1356 2608 et
1383 2565 1447 2609 no·

304 2674 358 2741 bis
387 2695 450 2761 pro
481 2673 555 2757 his,
589 2696 677 2759 quae
710 2674 753 2740 ad
784 2682 941 2742 nostrum
965 2682 1094 2741 statum
1122 2680 1203 2739 sunt
1235 2672 1445 2759 necessaria,

303 2801 543 2888 inquisitione,
562 2802 762 2867 inventione
787 2809 821 2866 et
839 2803 1077 2869 observatione
1097 2801 1181 2867 haec
1199 2800 1353 2887 cognitio
1373 2823 1444 2866 non

236 2940 280 3002 20
304 2937 356 2995 est
384 2929 548 3011 difficilis,
579 2930 661 2994 licet
692 2930 832 3016 ingenio
863 2933 1000 3014 obtuso,
1029 2932 1182 3018 torpenti
1213 2938 1248 2997 et
1276 2932 1447 2999 inanibus

394 3242 532 3292 ‘lbonum
550 3237 578 3290 in
594 3258 680 3306 marp.
696 3240 729 3289 M
743 3241 824 3306 (dopo
841 3241 891 3291 sed
908 3241 933 3288 lo
951 3241 1049 3290 colloca
1066 3239 1087 3290 il
1103 3242 1258 3307 Bariduum
1278 3260 1331 3292 non
1349 3241 1447 3293 distin-

299 3320 407 3387 puiamo
419 3323 446 3371 iu
456 3314 503 3371 ΜΓ
509 3324 572 3372 douc
581 3321 623 3371 sio
634 3321 654 3370 il
667 3320 810 3383 richiamo)
858 3322 904 3371 3.4
915 3321 989 3370 undo
999 3322 1097 3386 pluvia
1106 3321 1135 3371 iu
1147 3339 1232 3388 scarp.
1244 3326 1302 3386 (con
1311 3322 1447 3373 richiamo

301 3403 371 3467 dopo
388 3404 489 3468 aquae)
508 3403 549 3463 Μ,
567 3419 611 3452 ma
626 3401 843 3452 nell‘iurerlima
854 3403 910 3465 fra
926 3417 1016 3467 aquae
1034 3416 1047 3450 e
1064 3403 1253 3452 claudicantis
1270 3402 1283 3450 d
1298 3404 1446 3454 cancellato

301 3486 377 3534 unde
391 3500 465 3550 aqua
528 3486 542 3533 4
559 3500 596 3545 sq.
612 3483 649 3533 sic
663 3476 724 3546 mh
741 3500 795 3532 nou
811 3483 935 3533 lautianm
952 3498 1073 3546 rreppurc
1090 3482 1118 3532 di
1136 3481 1273 3533 restituere
1291 3486 1318 3532 la
1335 3482 1448 3536 rirrtaaai

300 3567 316 3612 5
333 3565 410 3613 Idam
427 3564 471 3628 (2ss
487 3564 585 3614 Indem
601 3562 632 3611 M
637 3556 648 3587 ‘¹
667 3563 725 3626 (sie)
792 3564 821 3613 13
837 3561 866 3611 ι’-η
882 3579 967 3628 scarp.
988 3562 1032 3612 Ad
1050 3564 1123 3612 hanc
1140 3564 1298 3613 doctrinam
1317 3567 1447 3630 pertinet

302 3646 494 3707 considerare,
513 3646 587 3710 quod
606 3646 689 3709 plens
706 3643 883 3709 experientia
900 3650 945 3693 est
962 3649 1154 3707 compertum,
1168 3651 1201 3694 ut
1217 3644 1288 3694 folia
1305 3646 1447 3696 hellebori

301 3742 415 3776 sursum
427 3725 540 3775 divulsa
554 3731 696 3776 ovacuant
709 3740 759 3789 per
774 3726 926 3785 vomitum,
944 3725 1076 3774 deorsum
1095 3739 1163 3775 vero
1182 3734 1323 3776 evacuant
1339 3742 1390 3792 per
1404 3743 1446 3778 se·

301 3821 421 3857 cessum.
448 3805 495 3856 Sic
517 3805 551 3869 (Ρ)
575 3821 627 3869 ego
649 3810 785 3869 expertus
810 3821 873 3854 sum
892 3806 922 3854 in
943 3805 1031 3854 herba
1053 3820 1126 3871 quae
1149 3805 1184 3855 ab
1201 3805 1323 3857 Olibano
1346 3813 1446 3858 monte

300 3902 387 3952 propo
401 3887 550 3937 Salernum
563 3901 667 3936 nomen
680 3886 774 3947 hahet,
786 3894 814 3934 et
828 3885 868 3934 ibi
882 3887 1098 3948 particulariter
1110 3888 1201 3936 multa
1215 3891 1296 3951 copia
1305 3891 1446 3949 nascitur,

302 3973 331 4017 at
345 3968 379 4016 ad
392 3967 574 4032 purgandum
587 3966 744 4031 quemlibet
760 3968 878 4016 noxium
896 3967 1043 4017 humorem
1067 3966 1159 4016 omnis
1175 3967 1208 4030 (7)
1224 3967 1330 4017 vicinia
1346 3968 1445 4019 eadem

302 4049 396 4099 utitur
410 4048 472 4098 sine
483 4048 610 4097 laesione
624 4054 653 4096 at
664 4053 763 4112 aperto
778 4046 930 4097 iuvamina.
948 4049 984 4097 Et
996 4048 1050 4097 hoc
1064 4048 1098 4096 ad
1111 4048 1273 4097 doctrinam
1290 4056 1391 4110 gestus
1405 4050 1447 4099 di·

301 4129 377 4180 versi
392 4129 470 4178 saort.
486 4128 611 4179 Rursum
625 4129 786 4178 differentia
801 4139 845 4177 ast
863 4130 886 4178 si
902 4129 966 4193 quis
982 4129 1087 4178 evellat
1099 4129 1217 4177 herbam
1232 4145 1295 4178 eum
1309 4129 1405 4180 radice
1418 4136 1449 4180 et

301 4213 362 4261 sine
377 4211 483 4271 radice,
500 4215 639 4259 mortuam
654 4209 696 4258 vel
712 4213 815 4271 vivam,
830 4211 906 4259 sicut
920 4216 949 4258 et
965 4211 993 4258 in
1006 4215 1127 4257 tonsura
1140 4209 1243 4259 vitium
1257 4213 1286 4258 st
1301 4210 1329 4258 in
1345 4208 1447 4260 ordine

299 4292 506 4342 condendarum
525 4290 686 4354 plantarum
706 4306 762 4340 non
780 4291 872 4340 solum
893 4297 1019 4355 tempus,
1041 4289 1090 4338 scd
1108 4294 1137 4338 et
1153 4295 1253 4350 gestus
1272 4289 1446 4341 observatur

299 4388 363 4423 cum
381 4371 570 4435 dispositione
587 4371 719 4421 subiecti.
740 4371 771 4419 l!
790 4372 830 4433 (in
849 4387 921 4435 praa
936 4375 1019 4432 porto
1040 4369 1149 4419 aceoudo
1165 4362 1223 4435 Ml)
1288 4370 1318 4420 17
1334 4375 1364 4421 et
1377 4369 1409 4420 M
1416 4363 1441 4423 l:

299 4468 316 4502 v
328 4452 360 4502 Μ
363 4445 376 4485 s
386 4454 436 4518 (.):
453 4451 498 4500 che
509 4448 552 4500 sia
566 4451 602 4501 do
614 4450 737 4502 iudicare
749 4470 804 4502 iano
820 4453 918 4500 lacuna
932 4450 1002 4515 dopo
1017 4450 1179 4515 intelligit?
