3488 5108
758 411 921 459 manicius
941 412 1115 459 aveamus.
1446 397 1505 456 603

360 575 412 636 est
427 569 565 650 fortior,
587 570 753 635 maiorem
778 570 882 637 habet
906 570 1093 636 efficaciam
1114 571 1170 636 vel
1193 571 1374 652 minorem;
1401 571 1503 637 facile

360 695 452 761 enim
481 694 668 778 iudicatur,
695 695 724 760 si
749 695 850 781 vigor
878 696 990 761 morbi
1015 696 1206 762 remittitur
1229 697 1284 761 vel
1308 695 1504 761 intenditur

362 826 482 886 contra
494 825 664 884 naturam.
678 819 767 885 Item
781 820 919 904 quando
930 828 1056 886 nature
1070 843 1166 887 suam
1177 822 1248 886 vim
1261 828 1372 886 totam
1384 827 1504 886 contra

359 947 518 1012 morbum
542 966 613 1010 non
636 945 751 1032 ponit,
777 943 916 1031 signum
939 953 991 1013 est
1016 947 1107 1032 quod
1135 954 1279 1012 naturae
1298 951 1408 1012 totam
1432 947 1504 1011 vim

315 1072 336 1135 5
359 1071 496 1136 vincere
516 1090 586 1135 non
605 1076 719 1154 potest
738 1070 893 1154 morbus,
914 1071 997 1156 quia
1015 1079 1143 1139 natura
1161 1079 1272 1138 totum
1294 1071 1448 1158 vigorem
1468 1073 1506 1136 in

360 1203 439 1261 actu
458 1218 528 1261 non
546 1194 718 1279 extendit,
739 1217 841 1281 quem
857 1195 962 1261 habet
980 1196 1018 1261 in
1036 1196 1202 1284 potentia.
1224 1196 1305 1263 Ideo
1325 1203 1451 1263 natura
1470 1205 1507 1263 et

360 1324 499 1391 morbus
519 1321 642 1388 tandiu
659 1321 857 1389 discurrunt
868 1344 931 1408 per
949 1322 1033 1389 istas
1049 1323 1207 1409 regiones
1223 1332 1258 1389 et
1277 1324 1406 1409 domos,
1426 1345 1505 1410 quo·

360 1472 466 1535 usque
486 1447 668 1535 contingat
686 1456 726 1514 ut
744 1469 862 1515 eorum
887 1451 1033 1516 alterum
1060 1473 1177 1516 omnes
1206 1450 1297 1516 vires
1326 1453 1364 1517 in
1389 1459 1503 1517 actum

362 1580 550 1663 expromat,
572 1574 698 1660 quibus
719 1573 807 1639 nihil
834 1574 983 1661 amplius
1013 1583 1152 1641 maneat
1181 1576 1403 1663 inpotentia.
1423 1576 1505 1641 Ideo

296 1704 338 1767 10
360 1701 512 1767 medicus
531 1700 683 1767 curando
703 1701 893 1767 discurrere
913 1701 1015 1767 debet
1038 1722 1100 1790 per
1124 1702 1207 1768 istas
1232 1702 1350 1769 domos
1373 1704 1506 1789 figurae

360 1832 395 1892 et
423 1850 484 1913 per
498 1807 594 1893 'artis
617 1826 719 1893 huius
749 1825 959 1912 triangulos,
989 1833 1024 1892 et
1040 1834 1113 1893 toto
1135 1827 1249 1894 studio
1269 1836 1414 1894 naturae
1435 1851 1506 1893 suc·

360 1972 511 2034 currere,
530 1974 573 2016 ue
592 1973 710 2017 omnes
729 1951 829 2033 vires,
851 1972 936 2037 quas
955 1949 1016 2016 illa
1035 1951 1140 2017 habet
1158 1952 1197 2018 iu
1216 1953 1386 2040 potentia,
1408 1952 1506 2019 redu·
1558 1981 1561 1986 ·

364 2083 487 2142 cantur
515 2078 687 2142 inactum
715 2084 901 2161 antequem
926 2074 1022 2160 illae,
1051 2098 1137 2162 quas
1160 2077 1301 2143 morbus
1334 2077 1438 2143 habet
1467 2079 1504 2143 iu

360 2201 536 2290 potentia,
568 2200 628 2268 sed
656 2200 880 2287 adaequando
906 2200 997 2267 vires
1027 2206 1171 2267 naturae
1192 2204 1342 2269 actuales
1371 2203 1504 2269 viribus

296 2326 337 2389 15
362 2326 555 2393 acmalibus
574 2327 688 2393 morbi
707 2349 841 2413 semper
859 2326 967 2393 faeiat
985 2349 1161 2393 remanere
1180 2325 1315 2412 aliquid
1333 2327 1505 2413 potentie-

342 2451 473 2543 ,litatis
495 2451 534 2517 in
553 2475 606 2536 ea;
627 2452 718 2518 vires
745 2453 837 2518 enim
856 2451 1064 2541 potentiales
1084 2459 1165 2517 sunt
1195 2451 1294 2517 radix
1322 2459 1356 2516 et
1383 2452 1506 2518 funda·

360 2583 517 2644 mentum
536 2577 733 2646 actualium.

758 2853 792 2891 Dc
807 2851 871 2891 lehre
885 2855 997 2900 quartana
1013 2850 1104 2901 tupltct.

452 3073 630 3153 Quartana
649 3071 777 3160 duplex
797 3073 922 3160 incipit
941 3073 978 3139 iu
997 3095 1130 3140 camera
1150 3073 1209 3139 OD
1235 3081 1270 3139 et
1295 3081 1449 3140 mutatur
1469 3075 1505 3141 in

295 3207 341 3271 20
363 3222 532 3266 eameram
548 3198 611 3263 BD
628 3204 662 3264 et
681 3220 722 3264 ex
742 3197 804 3263 BD
821 3200 1008 3264 revertitur
1025 3197 1096 3290 (ad)
1112 3199 1181 3283 OD,
1197 3206 1231 3265 et
1248 3199 1324 3266 ideo
1342 3207 1393 3264 est
1409 3200 1506 3287 peior

363 3325 401 3390 in
420 3325 480 3389 OD
495 3346 598 3409 quam
617 3323 655 3389 in
674 3322 746 3388 BD.
772 3322 873 3390 Unde
896 3323 1048 3410 intelligi
1066 3331 1180 3412 potest
1199 3325 1349 3411 qualiter
1368 3324 1508 3390 morbus

362 3449 467 3515 habet
480 3451 598 3534 [actus]
612 3448 757 3514 maiores
771 3448 862 3514 vires
874 3449 911 3514 in
923 3457 1002 3514 actu
1016 3457 1050 3514 et
1062 3449 1269 3537 inpotentia
1282 3450 1319 3515 in
1332 3448 1392 3515 (Π)
1405 3471 1508 3534 quam

363 3576 401 3642 in
420 3574 493 3658 BD,
506 3583 541 3640 et
559 3582 684 3640 natura
694 3573 840 3640 maiores
855 3573 945 3640 vires
960 3574 997 3640 in
1016 3582 1095 3641 actu
1112 3574 1149 3641 in
1163 3574 1221 3640 BG
1235 3583 1270 3641 et
1287 3576 1432 3642 maiores
1445 3572 1510 3666 lin)

364 3839 401 3900 ri,
413 3844 444 3888 et
457 3842 551 3886 tamen
567 3835 683 3886 morbus
696 3833 769 3884 facit
786 3835 815 3882 in
831 3834 918 3898 ipsam
938 3833 1073 3883 maiorem
1092 3838 1121 3882 et
1137 3837 1227 3883 totam
1243 3831 1410 3884 violentiam
1424 3849 1509 3900 quam

364 3923 474 3984 potest,
488 3924 516 3967 et
529 3916 554 3966 si
568 3918 650 3978 vigor
663 3920 784 3965 caturae
793 3915 832 3965 sit
845 3914 935 3964 maior
948 3928 1033 3978 quam
1053 3913 1191 3964 violentia
1201 3914 1302 3978 morbi,
1312 3921 1383 3964 tuuc
1393 3929 1450 3964 non
1465 3918 1510 3964 est

364 3999 533 4066 periculum,
545 4012 577 4046 ac
587 3997 672 4046 etiam
684 3994 798 4061 quaudo
809 3999 914 4043 natura
923 3999 1013 4043 totam
1023 3992 1079 4043 vim
1092 4008 1171 4043 suam
1185 4000 1230 4044 etc.
1242 3993 1270 4043 X
1275 4011 1281 4057 ;
1294 3996 1328 4058 cf.
1340 3994 1410 4044 Lrtll.
1418 4010 1448 4057 p.
1457 3994 1508 4043 33⁰

459 4075 731 4142 lhr‘rt(habant)M
792 4075 1037 4138 luaturaeaopra
1047 4073 1356 4138 parolacancellataM
1417 4073 1510 4124 bssia

365 4176 450 4225 usurp.
469 4159 574 4210 amisse
590 4157 721 4222 potentia
737 4157 882 4206 amittitur
900 4160 993 4204 totum
1010 4154 1041 4204 Μ
1103 4154 1117 4202 7
1134 4155 1302 4207 discurrunt
1319 4155 1369 4205 doe
1388 4154 1452 4204 uode
1464 4153 1495 4204 M
1501 4157 1510 4190 ¹

364 4243 426 4292 9in
445 4255 479 4304 po
502 4240 531 4288 in
552 4237 682 4304 potentia
704 4236 748 4285 Μι
811 4237 850 4286 16.
861 4235 890 4285 17
906 4236 1124 4285 fundamentum
1149 4234 1181 4284 Μ
1187 4251 1192 4296 ;
1217 4235 1350 4285 iuvamon
1372 4235 1413 4285 X:
1432 4237 1511 4285 auxi-

365 4323 435 4373 lium
451 4319 521 4370 Lau
540 4320 584 4384 (p.
601 4310 662 4383 330)
728 4319 758 4367 18
770 4333 797 4383 p.
809 4317 865 4380 604,
875 4316 906 4365 27
918 4314 971 4366 eost
985 4315 1024 4366 M:
1044 4315 1072 4365 X
1081 4313 1105 4366 ai
1118 4315 1260 4366 attentam
1272 4315 1321 4366 dal
1335 4315 1413 4365 Lullo
1427 4315 1511 4365 auehe

366 4418 439 4451 meno
503 4399 601 4450 206ἳό
618 4398 774 4458 (ad)e(in)
792 4397 882 4447 Lucu:
902 4413 951 4446 our.
971 4395 1040 4446 XM
1101 4397 1133 4446 22
1149 4396 1250 4465 [actus]
1268 4414 1316 4447 om.
1332 4397 1361 4447 X
1424 4395 1508 4455 vires]

367 4484 475 4548 inpete
490 4479 622 4530 viresw
688 4479 770 4537 etin]
786 4477 933 4543 stpinM¹
