3488 5108
355 393 416 452 490
796 402 937 450 roanarr
957 401 1059 447 sarni

354 561 537 628 rationalis
560 582 672 646 neque
695 559 836 626 divinus
857 565 1017 646 operator
1031 557 1165 645 aliquid
1182 558 1344 646 producit
1366 563 1428 624 aut
1442 580 1505 645 per

356 686 573 753 ordinarium
592 685 780 772 producere
797 689 920 771 potest.

447 872 539 932 Ratio
557 879 606 931 est
623 871 655 929 in
672 872 735 930 530.
754 870 829 929 Ideo
846 869 924 929 fides
943 879 991 929 est
1010 865 1165 928 vinculum
1189 878 1382 945 magnumst
1402 870 1504 930 vincu·
1529 870 1627 936 38*
1638 872 1694 934 Μ

356 981 419 1039 lum
436 979 639 1056 vinculorum,
656 998 747 1054 quam
761 988 936 1055 sequuntur,
951 977 1048 1038 veluti
1061 976 1156 1049 filiae,
1169 996 1258 1056 spes,
1269 997 1368 1054 amor,
1382 978 1502 1055 religio,

312 1093 333 1155 5
357 1086 469 1164 pietas,
489 1087 593 1160 timor,
610 1086 773 1164 patientia,
791 1085 1012 1162 gaudium,
1030 1083 1213 1160 indignatio,
1231 1083 1347 1162 odium,
1362 1083 1421 1160 ira,
1437 1104 1506 1143 con-

357 1200 506 1270 temptus,
535 1203 566 1253 et
594 1192 718 1253 tandem
746 1192 845 1252 omnis
871 1191 991 1252 iustitia
1011 1199 1042 1251 et
1058 1191 1222 1268 iniustitia,
1251 1191 1349 1252 omnis
1375 1191 1505 1252 scientia

360 1306 393 1361 st
410 1300 586 1377 ignorantia
602 1320 717 1379 pravae
734 1300 954 1378 dispositionis.

887 1507 977 1571 LIV.

448 1708 597 1776 Vincula
616 1729 685 1773 non
706 1708 888 1795 attingunt
906 1707 1089 1793 rationem,
1109 1708 1325 1775 intellectum
1348 1714 1382 1775 et
1412 1732 1507 1775 men·

296 1833 337 1894 10
360 1842 446 1918 tem,
470 1835 539 1899 nisi
557 1856 645 1920 quae
668 1833 817 1899 iocunda
845 1840 941 1915 sunt,
964 1833 1055 1899 bona
1083 1841 1117 1899 et
1147 1857 1245 1919 vera,
1273 1857 1397 1922 nempe
1426 1857 1503 1922 per-

359 1961 496 2029 factiva.

451 2145 558 2206 Omnis
575 2145 655 2206 enim
672 2145 806 2221 falsitas,
825 2145 1009 2221 ignorantia,
1029 2145 1208 2224 improbitas
1223 2154 1254 2206 et
1267 2145 1417 2208 iniustitia
1433 2158 1506 2208 sunt

362 2260 449 2312 extra
471 2251 632 2330 rationem,
655 2253 845 2313 intellectum
863 2260 894 2312 et
910 2261 1055 2329 mentem,
1073 2274 1132 2312 non
1151 2254 1182 2312 in
1199 2255 1330 2331 ratione,
1347 2254 1506 2315 intellectu

363 2368 394 2417 et
411 2366 521 2419 mente.

900 2564 970 2629 LV.

451 2769 574 2833 Omnis
605 2789 687 2854 ergo
707 2767 867 2833 alteratio
891 2774 925 2832 et
952 2767 1149 2832 immutatio
1180 2767 1364 2854 compositi
1387 2789 1507 2833 secun·

361 2894 443 2959 dum
470 2894 623 2959 animam
643 2894 884 2980 principaliter
913 2893 969 2958 vel
1002 2893 1191 2958 secundum
1220 2916 1356 2979 corpus,
1382 2916 1506 2979 nempe

361 3026 464 3107 prout
483 3019 726 3106 dispositiones
742 3020 797 3083 vel
817 3042 837 3083 a
856 3040 997 3104 corpore
1016 3017 1127 3082 fluant
1147 3019 1184 3082 in
1204 3018 1354 3082 animam
1377 3017 1433 3082 vel
1462 3018 1506 3083 ab

361 3147 478 3210 anima
490 3145 527 3208 in
541 3166 677 3231 corpuS,
698 3143 873 3209 siluerint
889 3142 1107 3229 depravatae,
1126 3143 1257 3207 habeut
1274 3165 1410 3207 causam
1426 3151 1507 3207 ante

294 3286 338 3350 20
362 3270 586 3355 cogitativam
610 3276 645 3334 et
668 3268 930 3335 consistentiam
950 3268 987 3332 in
1011 3269 1214 3354 cogitativa,
1236 3291 1323 3353 quae
1342 3268 1507 3332 contami·

361 3403 422 3460 nat
453 3417 575 3481 corpus
607 3417 667 3459 seu
698 3394 861 3459 immutat
889 3394 1069 3457 alterando
1094 3393 1268 3479 principia
1297 3393 1504 3474 materialia,

360 3520 581 3604 vicissimque
600 3519 800 3605 prinoilpiis
820 3518 1059 3584 materialibus
1074 3518 1230 3583 alteratis
1248 3519 1505 3583 contaminatur
1531 3522 1625 3587 89r
1640 3525 1677 3587 0

361 3654 396 3710 et
426 3645 631 3710 immutatur
656 3668 676 3709 a
701 3666 857 3730 corpore,
878 3644 968 3709 sicut
987 3654 1034 3725 et,
1056 3644 1345 3728 quemadmodum
1375 3644 1506 3708 dictum

361 3777 428 3853 est,
449 3793 590 3856 corpore
615 3771 702 3835 bene
726 3771 876 3835 habente
902 3778 935 3834 et
960 3770 1117 3834 sensibus
1147 3769 1311 3834 canonice
1337 3769 1506 3835 ordinatis

295 3908 339 3970 25
363 3904 398 3961 et
426 3896 605 3982 dispositis
637 3902 671 3960 et
708 3895 852 3960 obiectis
882 3916 952 3959 non
980 3894 1302 3980 praevaricantibus
1332 3895 1406 3981 ipsa
1435 3917 1505 3959 non

363 4022 567 4108 aegrotabit.

455 4292 602 4344 bivinensi
622 4292 659 4341 ad
676 4292 837 4355 indignatio
862 4291 908 4341 c‘e
928 4290 958 4341 in
982 4291 1034 4342 Ol!
1054 4307 1109 4340 aaa
1132 4291 1335 4342 abbreviatione
1358 4293 1415 4358 (ss,
1430 4296 1508 4358 sorae

362 4375 489 4426 secundo
499 4375 524 4438 i)
588 4373 658 4437 dopo
672 4372 758 4422 timor
772 4372 890 4423 carcalla
907 4373 1003 4422 odium
1013 4371 1044 4421 M
1106 4372 1184 4421 10.11
1203 4373 1368 4437 perfectiva.
1379 4374 1453 4425 Omn
1462 4375 1495 4425 M
1500 4378 1507 4409 ¹

364 4457 394 4506 13
411 4471 470 4505 non
483 4456 513 4505 in
528 4469 585 4504 non
601 4454 630 4504 in
642 4453 673 4503 ll!
681 4457 686 4488 1
751 4453 782 4504 23
799 4452 996 4503 immundatur
1008 4451 1041 4501 M
1045 4450 1077 4502 ¹0
1141 4460 1170 4502 nt
1185 4453 1265 4517 (dopo
1278 4454 1365 4520 sicut)
1380 4471 1428 4505 om.
1447 4459 1469 4509 (J
