<?xml version="1.0" encoding="UTF-8"?>
<!DOCTYPE html PUBLIC "-//W3C//DTD XHTML 1.0 Transitional//EN"
    "http://www.w3.org/TR/xhtml1/DTD/xhtml1-transitional.dtd">
<html xmlns="http://www.w3.org/1999/xhtml" xml:lang="en" lang="en">
 <head>
  <title>
</title>
<meta http-equiv="Content-Type" content="text/html;charset=utf-8" />
  <meta name='ocr-system' content='tesseract 3.04.00' />
  <meta name='ocr-capabilities' content='ocr_page ocr_carea ocr_par ocr_line ocrx_word'/>
</head>
<body>
  <div class='ocr_page' id='page_1' title='image "./jordanibruninol05brungoog_0157.png"; bbox 0 0 3488 5108; ppageno 0'>
   <div class='ocr_carea' id='block_1_1' title="bbox 291 367 993 426">
    <p class='ocr_par' dir='ltr' id='par_1_1' title="bbox 291 367 993 426">
     <span class='ocr_line' id='line_1_1' title="bbox 291 367 993 426; baseline -0.006 0"><span class='ocrx_word' id='word_1_1' title='bbox 291 367 332 426; x_wconf 83' lang='lat'>88</span> <span class='ocrx_word' id='word_1_2' title='bbox 729 379 870 424; x_wconf 75' lang='lat' dir='ltr'>mansur</span> <span class='ocrx_word' id='word_1_3' title='bbox 891 379 993 425; x_wconf 80' lang='lat' dir='ltr'>sarri</span> 
     </span>
    </p>
   </div>
   <div class='ocr_carea' id='block_1_2' title="bbox 223 536 1577 3637">
    <p class='ocr_par' dir='ltr' id='par_1_2' title="bbox 290 536 1434 1003">
     <span class='ocr_line' id='line_1_2' title="bbox 292 536 1433 623; baseline 0 -19"><span class='ocrx_word' id='word_1_4' title='bbox 292 537 399 622; x_wconf 73' lang='lat' dir='ltr'>dicat,</span> <span class='ocrx_word' id='word_1_5' title='bbox 419 538 531 604; x_wconf 88' lang='lat' dir='ltr'>omnis</span> <span class='ocrx_word' id='word_1_6' title='bbox 559 538 651 604; x_wconf 89' lang='lat' dir='ltr'>enim</span> <span class='ocrx_word' id='word_1_7' title='bbox 670 538 799 623; x_wconf 86' lang='lat' dir='ltr'>forma,</span> <span class='ocrx_word' id='word_1_8' title='bbox 828 537 901 603; x_wconf 87' lang='lat' dir='ltr'>sive</span> <span class='ocrx_word' id='word_1_9' title='bbox 924 536 1147 604; x_wconf 84' lang='lat' dir='ltr'>accidentalis</span> <span class='ocrx_word' id='word_1_10' title='bbox 1173 537 1246 602; x_wconf 88' lang='lat' dir='ltr'>sive</span> <span class='ocrx_word' id='word_1_11' title='bbox 1273 537 1433 604; x_wconf 90' lang='lat' dir='ltr'>substan·</span> 
     </span>
     <span class='ocr_line' id='line_1_3' title="bbox 292 662 1432 752; baseline -0.001 -22"><span class='ocrx_word' id='word_1_12' title='bbox 292 664 399 751; x_wconf 87' lang='lat' dir='ltr'>tialis,</span> <span class='ocrx_word' id='word_1_13' title='bbox 418 687 480 752; x_wconf 91' lang='lat' dir='ltr'>per</span> <span class='ocrx_word' id='word_1_14' title='bbox 496 687 531 730; x_wconf 90' lang='lat' dir='ltr'>se</span> <span class='ocrx_word' id='word_1_15' title='bbox 547 664 728 732; x_wconf 90' lang='lat' dir='ltr'>individua</span> <span class='ocrx_word' id='word_1_16' title='bbox 744 672 811 749; x_wconf 90' lang='lat' dir='ltr'>est,</span> <span class='ocrx_word' id='word_1_17' title='bbox 831 662 973 731; x_wconf 89' lang='lat' dir='ltr'>dividua</span> <span class='ocrx_word' id='word_1_18' title='bbox 990 670 1107 730; x_wconf 90' lang='lat' dir='ltr'>tamen</span> <span class='ocrx_word' id='word_1_19' title='bbox 1120 663 1268 730; x_wconf 87' lang='lat' dir='ltr'>subiecti</span> <span class='ocrx_word' id='word_1_20' title='bbox 1283 662 1432 748; x_wconf 90' lang='lat' dir='ltr'>ratione,</span> 
     </span>
     <span class='ocr_line' id='line_1_4' title="bbox 290 788 1434 879; baseline 0.001 -24"><span class='ocrx_word' id='word_1_21' title='bbox 290 789 355 856; x_wconf 93' lang='lat' dir='ltr'>hoc</span> <span class='ocrx_word' id='word_1_22' title='bbox 374 798 425 856; x_wconf 88' lang='lat' dir='ltr'>est</span> <span class='ocrx_word' id='word_1_23' title='bbox 443 813 505 879; x_wconf 90' lang='lat' dir='ltr'>per</span> <span class='ocrx_word' id='word_1_24' title='bbox 524 790 694 875; x_wconf 65' lang='lat' dir='ltr'>accidens</span> <span class='ocrx_word' id='word_1_25' title='bbox 714 791 804 856; x_wconf 91' lang='lat' dir='ltr'>sicut</span> <span class='ocrx_word' id='word_1_26' title='bbox 827 789 966 856; x_wconf 87' lang='lat' dir='ltr'>adamas</span> <span class='ocrx_word' id='word_1_27' title='bbox 989 812 1052 878; x_wconf 92' lang='lat' dir='ltr'>per</span> <span class='ocrx_word' id='word_1_28' title='bbox 1074 812 1111 855; x_wconf 89' lang='lat' dir='ltr'>se</span> <span class='ocrx_word' id='word_1_29' title='bbox 1133 788 1331 855; x_wconf 86' lang='lat' dir='ltr'>insecabilis</span> <span class='ocrx_word' id='word_1_30' title='bbox 1355 809 1434 856; x_wconf 92' lang='lat' dir='ltr'>cum</span> 
     </span>
     <span class='ocr_line' id='line_1_5' title="bbox 290 914 1174 1003; baseline -0.001 -22"><span class='ocrx_word' id='word_1_31' title='bbox 290 914 424 981; x_wconf 84' lang='lat' dir='ltr'>hircino</span> <span class='ocrx_word' id='word_1_32' title='bbox 444 916 613 1003; x_wconf 86' lang='lat' dir='ltr'>sanguine</span> <span class='ocrx_word' id='word_1_33' title='bbox 630 916 686 982; x_wconf 91' lang='lat' dir='ltr'>vel</span> <span class='ocrx_word' id='word_1_34' title='bbox 705 915 774 982; x_wconf 91' lang='lat' dir='ltr'>alio</span> <span class='ocrx_word' id='word_1_35' title='bbox 794 937 947 983; x_wconf 85' lang='lat' dir='ltr'>connexo</span> <span class='ocrx_word' id='word_1_36' title='bbox 967 914 1174 982; x_wconf 79' lang='lat' dir='ltr'>elaboratur.</span> 
     </span>
    </p>

    <p class='ocr_par' dir='ltr' id='par_1_3' title="bbox 247 1040 1435 1490">
     <span class='ocr_line' id='line_1_6' title="bbox 247 1040 1435 1128; baseline -0.003 -16"><span class='ocrx_word' id='word_1_37' title='bbox 247 1046 283 1112; x_wconf 79' lang='lat'>5‘</span> <span class='ocrx_word' id='word_1_38' title='bbox 381 1042 521 1108; x_wconf 90' lang='lat' dir='ltr'>XXIII.</span> <span class='ocrx_word' id='word_1_39' title='bbox 547 1042 647 1120; x_wconf 82' lang='lat' dir='ltr'>Quod</span> <span class='ocrx_word' id='word_1_40' title='bbox 665 1042 842 1108; x_wconf 82' lang='lat' dir='ltr'>Vulcanus</span> <span class='ocrx_word' id='word_1_41' title='bbox 860 1040 1115 1109; x_wconf 88' lang='lat' dir='ltr'>obambulando</span> <span class='ocrx_word' id='word_1_42' title='bbox 1134 1041 1310 1128; x_wconf 81' lang='lat' dir='ltr'>egreditur</span> <span class='ocrx_word' id='word_1_43' title='bbox 1330 1048 1365 1106; x_wconf 90' lang='lat' dir='ltr'>et</span> <span class='ocrx_word' id='word_1_44' title='bbox 1384 1042 1435 1108; x_wconf 90' lang='lat' dir='ltr'>in·</span> 
     </span>
     <span class='ocr_line' id='line_1_7' title="bbox 289 1167 1434 1257; baseline 0.002 -23"><span class='ocrx_word' id='word_1_45' title='bbox 289 1168 447 1255; x_wconf 77' lang='lat' dir='ltr'>graditur</span> <span class='ocrx_word' id='word_1_46' title='bbox 471 1167 657 1254; x_wconf 89' lang='lat' dir='ltr'>officinam,</span> <span class='ocrx_word' id='word_1_47' title='bbox 683 1168 859 1257; x_wconf 85' lang='lat' dir='ltr'>significat</span> <span class='ocrx_word' id='word_1_48' title='bbox 885 1191 1003 1235; x_wconf 90' lang='lat' dir='ltr'>omnes</span> <span class='ocrx_word' id='word_1_49' title='bbox 1026 1168 1153 1235; x_wconf 89' lang='lat' dir='ltr'>formas</span> <span class='ocrx_word' id='word_1_50' title='bbox 1174 1169 1373 1235; x_wconf 86' lang='lat' dir='ltr'>artificiales</span> <span class='ocrx_word' id='word_1_51' title='bbox 1399 1178 1434 1236; x_wconf 87' lang='lat' dir='ltr'>et</span> 
     </span>
     <span class='ocr_line' id='line_1_8' title="bbox 290 1295 1434 1384; baseline 0.003 -24"><span class='ocrx_word' id='word_1_52' title='bbox 290 1296 500 1363; x_wconf 85' lang='lat' dir='ltr'>extrinsecas</span> <span class='ocrx_word' id='word_1_53' title='bbox 519 1319 592 1363; x_wconf 89' lang='lat' dir='ltr'>esse</span> <span class='ocrx_word' id='word_1_54' title='bbox 611 1296 854 1381; x_wconf 86' lang='lat' dir='ltr'>accidentales,</span> <span class='ocrx_word' id='word_1_55' title='bbox 878 1303 913 1361; x_wconf 91' lang='lat' dir='ltr'>et</span> <span class='ocrx_word' id='word_1_56' title='bbox 936 1295 1068 1362; x_wconf 90' lang='lat' dir='ltr'>nullam</span> <span class='ocrx_word' id='word_1_57' title='bbox 1092 1318 1133 1360; x_wconf 85' lang='lat' dir='ltr'>ex</span> <span class='ocrx_word' id='word_1_58' title='bbox 1156 1295 1211 1362; x_wconf 91' lang='lat' dir='ltr'>his</span> <span class='ocrx_word' id='word_1_59' title='bbox 1236 1319 1309 1362; x_wconf 88' lang='lat' dir='ltr'>esse</span> <span class='ocrx_word' id='word_1_60' title='bbox 1333 1319 1434 1384; x_wconf 89' lang='lat' dir='ltr'>posse</span> 
     </span>
     <span class='ocr_line' id='line_1_9' title="bbox 292 1423 567 1490; baseline -0.004 -1"><span class='ocrx_word' id='word_1_61' title='bbox 292 1423 567 1490; x_wconf 78' lang='lat' dir='ltr'>substantialem.</span> 
     </span>
    </p>

    <p class='ocr_par' dir='ltr' id='par_1_4' title="bbox 378 1547 1434 1635">
     <span class='ocr_line' id='line_1_10' title="bbox 378 1547 1434 1635; baseline 0.001 -21"><span class='ocrx_word' id='word_1_62' title='bbox 378 1549 513 1615; x_wconf 84' lang='lat' dir='ltr'>XXIV.</span> <span class='ocrx_word' id='word_1_63' title='bbox 548 1547 693 1614; x_wconf 86' lang='lat' dir='ltr'>Malleus</span> <span class='ocrx_word' id='word_1_64' title='bbox 720 1547 882 1630; x_wconf 83' lang='lat' dir='ltr'>Vulcani,</span> <span class='ocrx_word' id='word_1_65' title='bbox 912 1571 1013 1634; x_wconf 88' lang='lat' dir='ltr'>quem</span> <span class='ocrx_word' id='word_1_66' title='bbox 1045 1571 1150 1614; x_wconf 87' lang='lat' dir='ltr'>manu</span> <span class='ocrx_word' id='word_1_67' title='bbox 1183 1555 1300 1635; x_wconf 86' lang='lat' dir='ltr'>gestat</span> <span class='ocrx_word' id='word_1_68' title='bbox 1330 1556 1365 1614; x_wconf 89' lang='lat' dir='ltr'>et</span> <span class='ocrx_word' id='word_1_69' title='bbox 1396 1550 1434 1615; x_wconf 90' lang='lat' dir='ltr'>in</span> 
     </span>
    </p>

    <p class='ocr_par' dir='ltr' id='par_1_5' title="bbox 225 1673 1464 2135">
     <span class='ocr_line' id='line_1_11' title="bbox 225 1673 1464 1762; baseline 0.001 -23"><span class='ocrx_word' id='word_1_70' title='bbox 225 1676 267 1739; x_wconf 89' lang='lat'>10</span> <span class='ocrx_word' id='word_1_71' title='bbox 290 1675 386 1741; x_wconf 86' lang='lat' dir='ltr'>euius</span> <span class='ocrx_word' id='word_1_72' title='bbox 397 1675 555 1762; x_wconf 90' lang='lat' dir='ltr'>potentia</span> <span class='ocrx_word' id='word_1_73' title='bbox 567 1673 682 1739; x_wconf 88' lang='lat' dir='ltr'>activa</span> <span class='ocrx_word' id='word_1_74' title='bbox 698 1679 781 1739; x_wconf 89' lang='lat' dir='ltr'>sunt</span> <span class='ocrx_word' id='word_1_75' title='bbox 796 1673 912 1739; x_wconf 91' lang='lat' dir='ltr'>omnia</span> <span class='ocrx_word' id='word_1_76' title='bbox 927 1673 1137 1759; x_wconf 84' lang='lat' dir='ltr'>formabilia,</span> <span class='ocrx_word' id='word_1_77' title='bbox 1151 1675 1327 1761; x_wconf 88' lang='lat' dir='ltr'>signifieat</span> <span class='ocrx_word' id='word_1_78' title='bbox 1340 1674 1433 1760; x_wconf 92' lang='lat' dir='ltr'>quod</span> <span class='ocrx_word' id='word_1_79' title='bbox 1454 1726 1464 1740; x_wconf 87' lang='lat'>.</span> 
     </span>
     <span class='ocr_line' id='line_1_12' title="bbox 290 1799 1433 1887; baseline 0 -21"><span class='ocrx_word' id='word_1_80' title='bbox 290 1799 578 1887; x_wconf 89' lang='lat' dir='ltr'>quemadmodum</span> <span class='ocrx_word' id='word_1_81' title='bbox 596 1799 636 1866; x_wconf 91' lang='lat' dir='ltr'>in</span> <span class='ocrx_word' id='word_1_82' title='bbox 658 1800 771 1887; x_wconf 89' lang='lat' dir='ltr'>prima</span> <span class='ocrx_word' id='word_1_83' title='bbox 790 1799 936 1865; x_wconf 90' lang='lat' dir='ltr'>materia</span> <span class='ocrx_word' id='word_1_84' title='bbox 955 1806 1036 1865; x_wconf 89' lang='lat' dir='ltr'>sunt</span> <span class='ocrx_word' id='word_1_85' title='bbox 1059 1822 1177 1866; x_wconf 90' lang='lat' dir='ltr'>omnes</span> <span class='ocrx_word' id='word_1_86' title='bbox 1201 1801 1433 1867; x_wconf 81' lang='lat' dir='ltr'>dimensiones</span> 
     </span>
     <span class='ocr_line' id='line_1_13' title="bbox 289 1925 1433 2013; baseline -0.001 -22"><span class='ocrx_word' id='word_1_87' title='bbox 289 1926 533 1993; x_wconf 79' lang='lat' dir='ltr'>interminatae</span> <span class='ocrx_word' id='word_1_88' title='bbox 544 1934 579 1992; x_wconf 90' lang='lat' dir='ltr'>et</span> <span class='ocrx_word' id='word_1_89' title='bbox 591 1926 727 2013; x_wconf 87' lang='lat' dir='ltr'>passive</span> <span class='ocrx_word' id='word_1_90' title='bbox 742 1925 989 2010; x_wconf 66' lang='lat' dir='ltr'>terminabiles</span> <span class='ocrx_word' id='word_1_91' title='bbox 1004 1926 1054 1992; x_wconf 90' lang='lat' dir='ltr'>ita</span> <span class='ocrx_word' id='word_1_92' title='bbox 1067 1926 1105 1991; x_wconf 91' lang='lat' dir='ltr'>in</span> <span class='ocrx_word' id='word_1_93' title='bbox 1121 1925 1232 1992; x_wconf 85' lang='lat' dir='ltr'>forma</span> <span class='ocrx_word' id='word_1_94' title='bbox 1245 1925 1433 1992; x_wconf 91' lang='lat' dir='ltr'>universali</span> 
     </span>
     <span class='ocr_line' id='line_1_14' title="bbox 290 2050 1432 2135; baseline -0.001 -17"><span class='ocrx_word' id='word_1_95' title='bbox 290 2059 372 2118; x_wconf 88' lang='lat' dir='ltr'>sunt</span> <span class='ocrx_word' id='word_1_96' title='bbox 390 2051 621 2118; x_wconf 84' lang='lat' dir='ltr'>dimensiones</span> <span class='ocrx_word' id='word_1_97' title='bbox 641 2050 897 2135; x_wconf 81' lang='lat' dir='ltr'>interminatae,</span> <span class='ocrx_word' id='word_1_98' title='bbox 918 2051 1030 2117; x_wconf 87' lang='lat' dir='ltr'>active</span> <span class='ocrx_word' id='word_1_99' title='bbox 1049 2058 1166 2118; x_wconf 88' lang='lat' dir='ltr'>antem</span> <span class='ocrx_word' id='word_1_100' title='bbox 1184 2052 1432 2119; x_wconf 89' lang='lat' dir='ltr'>terminabiles.</span> 
     </span>
    </p>

    <p class='ocr_par' dir='ltr' id='par_1_6' title="bbox 377 2177 1577 2264">
     <span class='ocr_line' id='line_1_15' title="bbox 377 2177 1577 2264; baseline 0.003 -22"><span class='ocrx_word' id='word_1_101' title='bbox 377 2178 492 2243; x_wconf 91' lang='lat' dir='ltr'>XXV.</span> <span class='ocrx_word' id='word_1_102' title='bbox 518 2177 617 2256; x_wconf 79' lang='lat' dir='ltr'>Quod</span> <span class='ocrx_word' id='word_1_103' title='bbox 636 2177 812 2244; x_wconf 85' lang='lat' dir='ltr'>Vulcanus</span> <span class='ocrx_word' id='word_1_104' title='bbox 831 2185 969 2243; x_wconf 89' lang='lat' dir='ltr'>nectare</span> <span class='ocrx_word' id='word_1_105' title='bbox 985 2177 1152 2263; x_wconf 87' lang='lat' dir='ltr'>refieitur,</span> <span class='ocrx_word' id='word_1_106' title='bbox 1170 2177 1345 2264; x_wconf 87' lang='lat' dir='ltr'>significat</span> <span class='ocrx_word' id='word_1_107' title='bbox 1363 2177 1432 2243; x_wconf 78' lang='lat' dir='ltr'>for·</span> <span class='ocrx_word' id='word_1_108' title='bbox 1458 2180 1577 2245; x_wconf 71' lang='grc' dir='ltr'>136ν</span> 
     </span>
    </p>

    <p class='ocr_par' dir='ltr' id='par_1_7' title="bbox 225 2302 1434 2768">
     <span class='ocr_line' id='line_1_16' title="bbox 225 2302 1433 2391; baseline -0.005 -16"><span class='ocrx_word' id='word_1_109' title='bbox 225 2309 267 2375; x_wconf 85' lang='lat'>15</span> <span class='ocrx_word' id='word_1_110' title='bbox 290 2326 424 2370; x_wconf 87' lang='lat' dir='ltr'>marum</span> <span class='ocrx_word' id='word_1_111' title='bbox 442 2302 825 2391; x_wconf 61' lang='lat' dir='ltr'>incorruptibilitatem</span> <span class='ocrx_word' id='word_1_112' title='bbox 849 2304 960 2370; x_wconf 88' lang='lat' dir='ltr'>omnis</span> <span class='ocrx_word' id='word_1_113' title='bbox 985 2305 1076 2370; x_wconf 89' lang='lat' dir='ltr'>enim</span> <span class='ocrx_word' id='word_1_114' title='bbox 1099 2304 1212 2370; x_wconf 82' lang='lat' dir='ltr'>forma</span> <span class='ocrx_word' id='word_1_115' title='bbox 1231 2303 1360 2369; x_wconf 88' lang='lat' dir='ltr'>dicitur</span> <span class='ocrx_word' id='word_1_116' title='bbox 1381 2304 1433 2370; x_wconf 90' lang='lat' dir='ltr'>in·</span> 
     </span>
     <span class='ocr_line' id='line_1_17' title="bbox 290 2428 1432 2516; baseline 0.003 -23"><span class='ocrx_word' id='word_1_117' title='bbox 290 2428 451 2494; x_wconf 86' lang='lat' dir='ltr'>variabili</span> <span class='ocrx_word' id='word_1_118' title='bbox 476 2435 511 2494; x_wconf 90' lang='lat' dir='ltr'>et</span> <span class='ocrx_word' id='word_1_119' title='bbox 534 2428 683 2515; x_wconf 88' lang='lat' dir='ltr'>simplici</span> <span class='ocrx_word' id='word_1_120' title='bbox 712 2429 861 2494; x_wconf 87' lang='lat' dir='ltr'>essentia</span> <span class='ocrx_word' id='word_1_121' title='bbox 880 2429 1080 2495; x_wconf 88' lang='lat' dir='ltr'>consistens.</span> <span class='ocrx_word' id='word_1_122' title='bbox 1107 2428 1199 2495; x_wconf 87' lang='lat' dir='ltr'>Hlud</span> <span class='ocrx_word' id='word_1_123' title='bbox 1224 2429 1317 2495; x_wconf 89' lang='lat' dir='ltr'>enim</span> <span class='ocrx_word' id='word_1_124' title='bbox 1341 2429 1432 2516; x_wconf 92' lang='lat' dir='ltr'>quod</span> 
     </span>
     <span class='ocr_line' id='line_1_18' title="bbox 289 2553 1434 2642; baseline 0.002 -24"><span class='ocrx_word' id='word_1_125' title='bbox 289 2553 522 2642; x_wconf 88' lang='lat' dir='ltr'>corrumpitur</span> <span class='ocrx_word' id='word_1_126' title='bbox 541 2576 674 2641; x_wconf 85' lang='lat' dir='ltr'>semper</span> <span class='ocrx_word' id='word_1_127' title='bbox 693 2560 745 2620; x_wconf 90' lang='lat' dir='ltr'>est</span> <span class='ocrx_word' id='word_1_128' title='bbox 764 2554 1005 2640; x_wconf 88' lang='lat' dir='ltr'>compositum,</span> <span class='ocrx_word' id='word_1_129' title='bbox 1022 2576 1134 2640; x_wconf 91' lang='lat' dir='ltr'>neque</span> <span class='ocrx_word' id='word_1_130' title='bbox 1153 2562 1269 2620; x_wconf 90' lang='lat' dir='ltr'>autem</span> <span class='ocrx_word' id='word_1_131' title='bbox 1288 2555 1434 2620; x_wconf 88' lang='lat' dir='ltr'>materia</span> 
     </span>
     <span class='ocr_line' id='line_1_19' title="bbox 289 2678 1431 2768; baseline 0.003 -24"><span class='ocrx_word' id='word_1_132' title='bbox 289 2701 401 2766; x_wconf 89' lang='lat' dir='ltr'>neque</span> <span class='ocrx_word' id='word_1_133' title='bbox 420 2678 543 2765; x_wconf 89' lang='lat' dir='ltr'>forma,</span> <span class='ocrx_word' id='word_1_134' title='bbox 558 2679 791 2767; x_wconf 91' lang='lat' dir='ltr'>cuiuscunque</span> <span class='ocrx_word' id='word_1_135' title='bbox 806 2681 943 2767; x_wconf 80' lang='lat' dir='ltr'>generis</span> <span class='ocrx_word' id='word_1_136' title='bbox 960 2681 1006 2745; x_wconf 90' lang='lat' dir='ltr'>sit</span> <span class='ocrx_word' id='word_1_137' title='bbox 1021 2680 1095 2763; x_wconf 89' lang='lat' dir='ltr'>illa,</span> <span class='ocrx_word' id='word_1_138' title='bbox 1116 2686 1168 2745; x_wconf 89' lang='lat' dir='ltr'>est</span> <span class='ocrx_word' id='word_1_139' title='bbox 1185 2681 1431 2768; x_wconf 89' lang='lat' dir='ltr'>corruptibilis.</span> 
     </span>
    </p>

    <p class='ocr_par' dir='ltr' id='par_1_8' title="bbox 378 2804 1434 2893">
     <span class='ocr_line' id='line_1_20' title="bbox 378 2804 1434 2893; baseline 0.003 -24"><span class='ocrx_word' id='word_1_140' title='bbox 378 2804 512 2870; x_wconf 92' lang='lat' dir='ltr'>XXVI.</span> <span class='ocrx_word' id='word_1_141' title='bbox 548 2805 647 2893; x_wconf 85' lang='lat' dir='ltr'>Ignis</span> <span class='ocrx_word' id='word_1_142' title='bbox 675 2805 823 2871; x_wconf 86' lang='lat' dir='ltr'>Vulcani</span> <span class='ocrx_word' id='word_1_143' title='bbox 854 2804 1052 2870; x_wconf 86' lang='lat' dir='ltr'>indeficiens</span> <span class='ocrx_word' id='word_1_144' title='bbox 1081 2805 1256 2892; x_wconf 85' lang='lat' dir='ltr'>significat</span> <span class='ocrx_word' id='word_1_145' title='bbox 1286 2805 1434 2872; x_wconf 87' lang='lat' dir='ltr'>formam</span> 
     </span>
    </p>

    <p class='ocr_par' dir='ltr' id='par_1_9' title="bbox 224 2930 1432 3144">
     <span class='ocr_line' id='line_1_21' title="bbox 224 2930 1432 3018; baseline -0.004 -17"><span class='ocrx_word' id='word_1_146' title='bbox 224 2938 268 3001; x_wconf 83' lang='lat'>20</span> <span class='ocrx_word' id='word_1_147' title='bbox 291 2930 554 2997; x_wconf 83' lang='lat' dir='ltr'>substantialem</span> <span class='ocrx_word' id='word_1_148' title='bbox 586 2931 817 2998; x_wconf 88' lang='lat' dir='ltr'>intensionem</span> <span class='ocrx_word' id='word_1_149' title='bbox 847 2954 917 2997; x_wconf 89' lang='lat' dir='ltr'>non</span> <span class='ocrx_word' id='word_1_150' title='bbox 947 2931 1098 3018; x_wconf 86' lang='lat' dir='ltr'>recipere</span> <span class='ocrx_word' id='word_1_151' title='bbox 1121 2939 1156 2996; x_wconf 88' lang='lat' dir='ltr'>et</span> <span class='ocrx_word' id='word_1_152' title='bbox 1179 2930 1432 3015; x_wconf 89' lang='lat' dir='ltr'>remissionem,</span> 
     </span>
     <span class='ocr_line' id='line_1_22' title="bbox 289 3056 702 3144; baseline -0.005 -21"><span class='ocrx_word' id='word_1_153' title='bbox 289 3063 374 3144; x_wconf 84' lang='lat' dir='ltr'>puta</span> <span class='ocrx_word' id='word_1_154' title='bbox 393 3057 504 3143; x_wconf 86' lang='lat' dir='ltr'>magis</span> <span class='ocrx_word' id='word_1_155' title='bbox 524 3063 559 3122; x_wconf 86' lang='lat' dir='ltr'>et</span> <span class='ocrx_word' id='word_1_156' title='bbox 578 3056 702 3122; x_wconf 89' lang='lat' dir='ltr'>minus.</span> 
     </span>
    </p>

    <p class='ocr_par' dir='ltr' id='par_1_10' title="bbox 288 3181 1434 3520">
     <span class='ocr_line' id='line_1_23' title="bbox 377 3181 1434 3270; baseline -0.002 -22"><span class='ocrx_word' id='word_1_157' title='bbox 377 3183 530 3249; x_wconf 90' lang='lat' dir='ltr'>XXVII.</span> <span class='ocrx_word' id='word_1_158' title='bbox 555 3182 732 3249; x_wconf 88' lang='lat' dir='ltr'>Vulcanus</span> <span class='ocrx_word' id='word_1_159' title='bbox 751 3182 963 3249; x_wconf 87' lang='lat' dir='ltr'>incessanter</span> <span class='ocrx_word' id='word_1_160' title='bbox 978 3205 1123 3270; x_wconf 88' lang='lat' dir='ltr'>operans</span> <span class='ocrx_word' id='word_1_161' title='bbox 1142 3188 1243 3247; x_wconf 90' lang='lat' dir='ltr'>notat</span> <span class='ocrx_word' id='word_1_162' title='bbox 1262 3181 1434 3248; x_wconf 91' lang='lat' dir='ltr'>continui-</span> 
     </span>
     <span class='ocr_line' id='line_1_24' title="bbox 288 3308 1431 3392; baseline -0.001 -18"><span class='ocrx_word' id='word_1_163' title='bbox 288 3316 396 3374; x_wconf 87' lang='lat' dir='ltr'>tatem</span> <span class='ocrx_word' id='word_1_164' title='bbox 415 3308 453 3373; x_wconf 88' lang='lat' dir='ltr'>in</span> <span class='ocrx_word' id='word_1_165' title='bbox 472 3308 574 3374; x_wconf 90' lang='lat' dir='ltr'>rebus</span> <span class='ocrx_word' id='word_1_166' title='bbox 594 3332 666 3375; x_wconf 87' lang='lat' dir='ltr'>esse</span> <span class='ocrx_word' id='word_1_167' title='bbox 689 3333 709 3374; x_wconf 89' lang='lat' dir='ltr'>a</span> <span class='ocrx_word' id='word_1_168' title='bbox 728 3310 856 3392; x_wconf 88' lang='lat' dir='ltr'>forma;</span> <span class='ocrx_word' id='word_1_169' title='bbox 880 3309 992 3374; x_wconf 79' lang='lat' dir='ltr'>forma</span> <span class='ocrx_word' id='word_1_170' title='bbox 1016 3309 1109 3374; x_wconf 90' lang='lat' dir='ltr'>euim</span> <span class='ocrx_word' id='word_1_171' title='bbox 1132 3308 1218 3372; x_wconf 85' lang='lat' dir='ltr'>facit</span> <span class='ocrx_word' id='word_1_172' title='bbox 1237 3308 1431 3374; x_wconf 90' lang='lat' dir='ltr'>aetheream</span> 
     </span>
     <span class='ocr_line' id='line_1_25' title="bbox 289 3433 1432 3520; baseline 0.001 -21"><span class='ocrx_word' id='word_1_173' title='bbox 289 3435 464 3520; x_wconf 86' lang='lat' dir='ltr'>regionem</span> <span class='ocrx_word' id='word_1_174' title='bbox 484 3456 556 3500; x_wconf 88' lang='lat' dir='ltr'>esse</span> <span class='ocrx_word' id='word_1_175' title='bbox 574 3456 682 3500; x_wconf 92' lang='lat' dir='ltr'>unum</span> <span class='ocrx_word' id='word_1_176' title='bbox 707 3435 926 3520; x_wconf 89' lang='lat' dir='ltr'>continuum,</span> <span class='ocrx_word' id='word_1_177' title='bbox 947 3441 981 3499; x_wconf 90' lang='lat' dir='ltr'>et</span> <span class='ocrx_word' id='word_1_178' title='bbox 1005 3434 1121 3499; x_wconf 89' lang='lat' dir='ltr'>omnia</span> <span class='ocrx_word' id='word_1_179' title='bbox 1145 3433 1335 3520; x_wconf 86' lang='lat' dir='ltr'>composita</span> <span class='ocrx_word' id='word_1_180' title='bbox 1360 3457 1432 3500; x_wconf 87' lang='lat' dir='ltr'>esse</span> 
     </span>
    </p>

    <p class='ocr_par' dir='ltr' id='par_1_11' title="bbox 223 3573 407 3637">
     <span class='ocr_line' id='line_1_26' title="bbox 223 3573 407 3637; baseline -0.005 -9"><span class='ocrx_word' id='word_1_181' title='bbox 223 3573 266 3637; x_wconf 78' lang='lat'>25</span> <span class='ocrx_word' id='word_1_182' title='bbox 289 3585 407 3628; x_wconf 92' lang='lat' dir='ltr'>unum.</span> 
     </span>
    </p>
   </div>
   <div class='ocr_carea' id='block_1_3' title="bbox 379 3646 1435 3774">
    <p class='ocr_par' dir='ltr' id='par_1_12' title="bbox 379 3646 1435 3774">
     <span class='ocr_line' id='line_1_27' title="bbox 379 3646 1435 3774; baseline 0.002 -23"><span class='ocrx_word' id='word_1_183' title='bbox 379 3646 549 3752; x_wconf 90' lang='lat' dir='ltr'>XXVIII.</span> <span class='ocrx_word' id='word_1_184' title='bbox 575 3686 674 3764; x_wconf 78' lang='lat' dir='ltr'>Quod</span> <span class='ocrx_word' id='word_1_185' title='bbox 693 3686 868 3753; x_wconf 87' lang='lat' dir='ltr'>Vulcanus</span> <span class='ocrx_word' id='word_1_186' title='bbox 892 3710 934 3752; x_wconf 88' lang='lat' dir='ltr'>ex</span> <span class='ocrx_word' id='word_1_187' title='bbox 953 3688 1118 3753; x_wconf 87' lang='lat' dir='ltr'>continua</span> <span class='ocrx_word' id='word_1_188' title='bbox 1141 3686 1340 3774; x_wconf 88' lang='lat' dir='ltr'>operatione</span> <span class='ocrx_word' id='word_1_189' title='bbox 1364 3710 1435 3753; x_wconf 90' lang='lat' dir='ltr'>non</span> 
     </span>
    </p>
   </div>
   <div class='ocr_carea' id='block_1_4' title="bbox 290 3806 1476 4028">
    <p class='ocr_par' dir='ltr' id='par_1_13' title="bbox 290 3806 1476 4028">
     <span class='ocr_line' id='line_1_28' title="bbox 290 3806 1476 3900; baseline -0.002 -21"><span class='ocrx_word' id='word_1_190' title='bbox 290 3814 451 3895; x_wconf 84' lang='lat' dir='ltr'>lassatur,</span> <span class='ocrx_word' id='word_1_191' title='bbox 472 3813 648 3900; x_wconf 86' lang='lat' dir='ltr'>significat</span> <span class='ocrx_word' id='word_1_192' title='bbox 667 3835 803 3878; x_wconf 89' lang='lat' dir='ltr'>omnem</span> <span class='ocrx_word' id='word_1_193' title='bbox 826 3814 981 3897; x_wconf 88' lang='lat' dir='ltr'>formam,</span> <span class='ocrx_word' id='word_1_194' title='bbox 1003 3814 1092 3879; x_wconf 87' lang='lat' dir='ltr'>sicut</span> <span class='ocrx_word' id='word_1_195' title='bbox 1111 3821 1145 3878; x_wconf 91' lang='lat' dir='ltr'>ct</span> <span class='ocrx_word' id='word_1_196' title='bbox 1162 3813 1344 3879; x_wconf 87' lang='lat' dir='ltr'>materiam</span> <span class='ocrx_word' id='word_1_197' title='bbox 1364 3813 1433 3900; x_wconf 88' lang='lat' dir='ltr'>pri·</span> <span class='ocrx_word' id='word_1_198' title='bbox 1474 3806 1476 3810; x_wconf 40' lang='lat'><em>⁴</em></span> 
     </span>
     <span class='ocr_line' id='line_1_29' title="bbox 291 3940 1434 4028; baseline 0.002 -23"><span class='ocrx_word' id='word_1_199' title='bbox 291 3964 394 4023; x_wconf 78' lang='lat' dir='ltr'>niani,</span> <span class='ocrx_word' id='word_1_200' title='bbox 423 3965 495 4007; x_wconf 90' lang='lat' dir='ltr'>esse</span> <span class='ocrx_word' id='word_1_201' title='bbox 528 3940 793 4028; x_wconf 74' lang='lat' dir='ltr'>impassibilem,</span> <span class='ocrx_word' id='word_1_202' title='bbox 821 3940 933 4005; x_wconf 88' lang='lat' dir='ltr'>omnis</span> <span class='ocrx_word' id='word_1_203' title='bbox 961 3941 1053 4005; x_wconf 80' lang='lat' dir='ltr'>enirn</span> <span class='ocrx_word' id='word_1_204' title='bbox 1083 3942 1196 4027; x_wconf 87' lang='lat' dir='ltr'>passio</span> <span class='ocrx_word' id='word_1_205' title='bbox 1228 3941 1434 4027; x_wconf 87' lang='lat' dir='ltr'>composito·</span> 
     </span>
    </p>
   </div>
   <div class='ocr_carea' id='block_1_5' title="bbox 291 4074 447 4133">
    <p class='ocr_par' dir='ltr' id='par_1_14' title="bbox 291 4074 447 4133">
     <span class='ocr_line' id='line_1_30' title="bbox 291 4074 447 4133; baseline -0.013 -1"><span class='ocrx_word' id='word_1_206' title='bbox 291 4090 367 4133; x_wconf 90' lang='lat' dir='ltr'>rum</span> <span class='ocrx_word' id='word_1_207' title='bbox 386 4074 447 4132; x_wconf 90' lang='lat' dir='ltr'>est.</span> 
     </span>
    </p>
   </div>
   <div class='ocr_carea' id='block_1_6' title="bbox 291 4255 1424 4282">
    <p class='ocr_par' dir='ltr' id='par_1_15' title="bbox 291 4255 1424 4282">
     <span class='ocr_line' id='line_1_31' title="bbox 291 4255 1424 4282; baseline -0.001 -17"><span class='ocrx_word' id='word_1_208' title='bbox 291 4255 1006 4266; x_wconf 77' lang='lat'><strong>———-——-—-———-———·—-··</strong></span> <span class='ocrx_word' id='word_1_209' title='bbox 1020 4255 1301 4282; x_wconf 49' lang='lat'>-—-———-——‘-——-—-</span> <span class='ocrx_word' id='word_1_210' title='bbox 1314 4256 1424 4263; x_wconf 67' lang='lat'><em>----—-</em></span> 
     </span>
    </p>
   </div>
   <div class='ocr_carea' id='block_1_7' title="bbox 291 4372 1434 4520">
    <p class='ocr_par' dir='ltr' id='par_1_16' title="bbox 291 4372 1434 4520">
     <span class='ocr_line' id='line_1_32' title="bbox 382 4372 1434 4440; baseline 0.003 -17"><span class='ocrx_word' id='word_1_211' title='bbox 382 4375 398 4423; x_wconf 84' lang='lat'><strong>3</strong></span> <span class='ocrx_word' id='word_1_212' title='bbox 414 4374 467 4424; x_wconf 93' lang='lat' dir='ltr'>hoc</span> <span class='ocrx_word' id='word_1_213' title='bbox 481 4372 570 4439; x_wconf 73' lang='lat' dir='ltr'>ostl-j-</span> <span class='ocrx_word' id='word_1_214' title='bbox 587 4373 645 4421; x_wconf 80' lang='lat' dir='ltr'>Al!</span> <span class='ocrx_word' id='word_1_215' title='bbox 707 4372 722 4421; x_wconf 76' lang='lat' dir='ltr'>l</span> <span class='ocrx_word' id='word_1_216' title='bbox 738 4387 868 4422; x_wconf 84' lang='lat' dir='ltr'>connexo</span> <span class='ocrx_word' id='word_1_217' title='bbox 881 4389 949 4421; x_wconf 63' lang='lat' dir='ltr'>corsae</span> <span class='ocrx_word' id='word_1_218' title='bbox 960 4374 1103 4423; x_wconf 72' lang='lat' dir='ltr'>costantico</span> <span class='ocrx_word' id='word_1_219' title='bbox 1119 4391 1169 4424; x_wconf 71' lang='lat' dir='ltr'>raon</span> <span class='ocrx_word' id='word_1_220' title='bbox 1184 4374 1287 4424; x_wconf 67' lang='lat' dir='ltr'>scatebra</span> <span class='ocrx_word' id='word_1_221' title='bbox 1299 4373 1434 4440; x_wconf 75' lang='lat' dir='ltr'>suddisse-</span> 
     </span>
     <span class='ocr_line' id='line_1_33' title="bbox 291 4453 827 4520; baseline -0.007 -14"><span class='ocrx_word' id='word_1_222' title='bbox 291 4464 359 4506; x_wconf 78' lang='lat' dir='ltr'>cenlc</span> <span class='ocrx_word' id='word_1_223' title='bbox 371 4471 421 4520; x_wconf 84' lang='lat' dir='ltr'>por</span> <span class='ocrx_word' id='word_1_224' title='bbox 436 4453 456 4505; x_wconf 81' lang='lat' dir='ltr'>it</span> <span class='ocrx_word' id='word_1_225' title='bbox 469 4471 543 4504; x_wconf 61' lang='lat' dir='ltr'>ranno</span> <span class='ocrx_word' id='word_1_226' title='bbox 552 4471 560 4500; x_wconf 90' lang='lat'><em>:</em></span> <span class='ocrx_word' id='word_1_227' title='bbox 569 4455 648 4517; x_wconf 77' lang='lat' dir='ltr'>jorse</span> <span class='ocrx_word' id='word_1_228' title='bbox 661 4453 827 4504; x_wconf 76' lang='lat' dir='ltr'>connexus?</span> 
     </span>
    </p>
   </div>
   <div class='ocr_carea' id='block_1_8' title="bbox 0 0 1749 5108">
    <p class='ocr_par' dir='ltr' id='par_1_17' title="bbox 0 0 1749 5108">
     <span class='ocr_line' id='line_1_34' title="bbox 0 0 1749 5108; baseline 0 0"><span class='ocrx_word' id='word_1_229' title='bbox 0 0 1749 5108; x_wconf 95' lang='lat' dir='ltr'> </span> 
     </span>
    </p>
   </div>
  </div>
 </body>
</html>
