3488 5108
304 359 347 420 84
745 375 886 421 mansur
906 373 1009 419 anm

394 531 435 598 V.
460 532 606 618 Propter
623 530 878 618 turpitudinem
904 529 1032 596 dicitur
1059 530 1096 594 in
1124 529 1293 597 Lemnum
1315 530 1449 618 praeci·

304 658 438 746 pitatus
460 680 481 723 a
507 665 629 739 matre,
649 657 731 742 quia
759 655 891 722 formae
914 656 1109 723 materiales
1139 678 1221 742 erga
1250 665 1387 722 noctem
1413 665 1449 721 et

304 783 465 849 tenebrae
484 782 629 849 affectae
658 782 696 847 in
724 781 885 848 tenebras
910 781 1161 863 detruduntur;
1186 781 1322 847 animae
1350 782 1445 847 euim

304 932 420 977 amore
439 909 604 976 materiae
622 908 763 976 strictae
779 933 798 975 e
814 909 974 996 supernis
991 908 1216 996 praecipitari
1239 908 1404 975 dicuntur
1427 932 1448 974 a

261 1034 282 1097 5
305 1033 505 1100 Platonicis

391 1159 452 1225 VI.
468 1159 619 1226 Claudus
636 1160 679 1226 ab
694 1160 762 1226 ista
773 1160 1061 1248 praecipitatione
1075 1160 1201 1243 factus,
1215 1161 1297 1245 quia
1316 1160 1447 1227 formae

304 1286 468 1351 materiae
486 1285 673 1351 adstrictae
688 1294 723 1351 et
738 1285 901 1372 alligatae
920 1285 1130 1369 claudicant,
1151 1286 1234 1372 quia
1249 1286 1450 1352 individua·

305 1411 435 1476 tionem
461 1411 668 1498 suscipiunt,
693 1409 920 1498 particulares
948 1411 1036 1476 fiunt
1058 1419 1094 1477 et
1117 1412 1161 1477 ab
1185 1413 1445 1499 operationibus

305 1537 592 1604 immaterialibus
621 1538 720 1623 quasi
743 1537 999 1618 destituuntur3
1025 1538 1116 1604 unde
1140 1539 1185 1605 ad
1207 1539 1447 1627 intelligibilia

240 1669 283 1732 10
304 1664 423 1730 anima
441 1672 561 1731 nostra
579 1688 615 1731 se
633 1665 739 1731 habet
757 1665 848 1731 sicut
866 1673 994 1731 noctua
1014 1664 1058 1730 ad
1076 1665 1195 1733 lumen
1214 1666 1309 1732 solis.

393 1790 471 1855 VII.
496 1791 529 1855 A
552 1791 667 1877 Tethy
695 1797 873 1877 susceptus
897 1789 966 1855 fuit
990 1797 1025 1856 et
1055 1791 1246 1874 enutrituS,
1278 1791 1360 1878 quia
1383 1791 1450 1858 for·

271 1959 276 1974 ·
304 1938 380 1982 mae
410 1917 448 1981 in
479 1916 624 1982 materia
654 1916 914 1982 consistentiam
944 1916 1075 1983 habent
1104 1939 1165 2003 per
1194 1939 1333 2004 aquam,
1359 1938 1447 2002 quae

302 2043 465 2108 unionem
491 2044 645 2130 partium
672 2048 847 2130 operatur,
872 2043 946 2108 sive
970 2066 1031 2130 per
1050 2044 1250 2111 seminalem
1272 2067 1446 2133 propaga-

302 2169 447 2251 tionem,
465 2169 548 2254 quia
567 2169 683 2234 omnia
702 2168 833 2234 semina
852 2178 933 2233 suut
951 2168 1105 2252 humida,
1123 2177 1158 2234 et
1176 2170 1288 2236 omnis
1307 2192 1444 2259 compo·

237 2301 279 2364 15
302 2293 383 2359 sitio
402 2301 437 2359 et
456 2293 725 2379 coagmentatio,
754 2316 841 2379 quae
869 2303 921 2360 est
947 2292 1212 2362 fundamentum
1236 2295 1443 2381 formarum,

302 2417 342 2483 fit
362 2418 405 2486 ab
426 2441 524 2506 aqua.

389 2544 486 2610 VIII.
504 2544 757 2632 Praecipitatus
773 2546 984 2633 intelligitur
996 2547 1147 2633 primum
1160 2546 1267 2612 fuisse
1283 2548 1321 2612 in
1337 2549 1440 2632 coele,
1471 2555 1586 2619 135r

302 2669 450 2738 secundo
469 2669 506 2735 iu
518 2670 630 2756 aquia,
651 2670 754 2737 tertio
774 2672 811 2736 in
830 2678 922 2738 terra
935 2679 1032 2758 (puta
1046 2672 1083 2737 in
1096 2673 1356 2759 Lemno),-quia
1372 2673 1440 2739 tria

301 2803 382 2862 sunt
401 2795 531 2862 formae
559 2819 699 2883 genera,
726 2805 847 2884 utpote
875 2796 1108 2884 intelligibilis
1133 2821 1222 2884 quae
1247 2800 1318 2865 solo
1344 2800 1447 2865 intel·

235 2932 279 2996 20
300 2921 392 2988 lectu
408 2921 612 3009 percipitur,
629 2921 801 2987 sensibilis
819 2944 906 3007 quae
923 2922 1080 2988 sensibus
1097 2924 1261 3008 externis,
1279 2932 1314 2990 et
1331 2926 1444 2992 media

301 3069 359 3113 seu
378 3046 614 3133 imaginabilia
634 3069 721 3133 quae
741 3048 952 3133 cogitatione
970 3055 1005 3113 et
1024 3048 1180 3115 sensibus
1200 3050 1347 3146 internis
1367 3074 1443 3138 per-

300 3174 441 3261 cipitur;
461 3174 551 3240 sicut
575 3173 894 3261 spiritualissimum
918 3182 969 3241 est
988 3176 1133 3258 coelum,
1158 3177 1370 3244 crassissima
1389 3186 1441 3244 est

301 3299 418 3383 tellus,
436 3299 528 3364 inter
546 3322 634 3385 quae
653 3299 782 3365 mediat
801 3322 900 3386 aqua.
925 3301 1033 3365 Primi
1049 3302 1185 3387 generis
1209 3302 1340 3368 formae
1359 3312 1441 3370 sunt

301 3427 452 3510 animae,
472 3427 614 3492 secundi
632 3426 769 3513 generis
788 3426 918 3493 formae
937 3434 1019 3494 sunt
1042 3429 1181 3513 colores,
1201 3452 1339 3518 sapores
1358 3439 1440 3516 etc,

234 3557 276 3621 25
301 3553 397 3618 tertii
416 3560 498 3618 sunt
518 3574 663 3634 amores,
684 3552 762 3618 odia
782 3560 845 3618 ete.

388 3678 452 3742 IX.
481 3677 612 3743 Lemno
642 3677 836 3764 praefectus
864 3679 1025 3765 operibus
1048 3679 1190 3764 dicitur,
1222 3681 1303 3765 quia
1330 3681 1441 3748 forma

299 3806 360 3873 dat
378 3830 450 3873 esse
469 3807 527 3872 rei.

391 4050 407 4099 4
422 4052 527 4106 amore]
540 4061 556 4095 a
567 4046 601 4111 (7)
617 4062 662 4096 mo
671 4050 674 4108 t
683 4061 713 4096 re
727 4048 889 4110 (corporum
902 4047 1058 4110 cancellato)
1071 4045 1108 4095 A:
1124 4045 1140 4095 ὲ,
1154 4047 1227 4096 mole
1243 4047 1379 4097 materiae
1389 4062 1441 4096 seu

299 4144 450 4194 corporum
464 4127 496 4176 Μ
558 4126 676 4176 strictae
695 4128 759 4191 (uon
775 4126 859 4176 ciamo
876 4126 962 4177 sicori
977 4125 1021 4175 ebe
1037 4125 1441 4189 uon·aiuduetaa)11:deduc·

298 4215 345 4260 tae
357 4215 402 4259 etc.
415 4207 447 4257 M
507 4208 524 4257 9
539 4200 710 4257 iinteffibb‘ua
723 4206 760 4256 A:
779 4206 977 4257 materialibus
990 4206 1023 4255 M
1083 4209 1112 4257 ll
1130 4207 1224 4271 Tethy
1242 4205 1303 4271 (sic)
1315 4207 1353 4257 A:
1369 4208 1441 4258 'Phe-

297 4289 401 4354 tidiM;
417 4303 460 4338 ma
468 4289 546 4352 forse
558 4303 664 4338 occurre
678 4283 724 4350 qui
741 4286 851 4350 Tethys
866 4303 917 4351 per
933 4287 1118 4351 inopportuna
1134 4285 1324 4337 matriniacense
1340 4285 1370 4336 cli
1385 4288 1440 4336 lao-

295 4370 343 4436 qui
359 4387 427 4419 ceute
443 4368 481 4418 acl
496 4385 530 4420 cs.
551 4366 627 4419 Ouid.
646 4368 752 4417 Metam.
773 4368 817 4427 11,
837 4368 889 4416 784
896 4386 906 4428 ,·
924 4367 967 4416 dcl
991 4373 1060 4416 reato
1083 4369 1118 4428 cf.
1130 4365 1181 4429 pila
1197 4368 1243 4433 ,qa'b
1258 4371 1297 4431 (p.
1320 4370 1355 4416 90
1374 4370 1442 4432 sqq.)

297 4453 336 4504 19.
345 4452 377 4502 22
393 4453 427 4514 cs.
439 4467 469 4514 p.
481 4454 513 4510 3,
527 4451 543 4499 8
557 4466 611 4513 sqq.
659 4449 691 4498 25
706 4448 788 4498 tertii
800 4449 940 4511 (generis)
955 4447 993 4508 M,
1010 4447 1074 4497 douc
1087 4447 1169 4498 auehe
1181 4449 1300 4499 timores
1310 4464 1363 4511 per
1375 4449 1441 4499 odia
