3488 5108
288 403 348 464 418
728 415 868 463 roacare
888 415 992 461 aavnr

288 572 473 661 duplicem:
495 572 642 638 alterurn
662 595 777 638 rerum
806 571 1013 638 naturaliter
1036 569 1307 637 constitutarum
1334 575 1370 637 at
1395 569 1435 637 in

286 699 427 786 proprio
446 699 521 764 loco
541 697 755 785 degentium,
780 704 815 764 et
838 698 894 763 hic
922 703 1037 764 motus
1067 702 1128 763 aut
1157 703 1210 764 est
1242 696 1434 783 circularis,

288 832 349 893 aut
367 825 568 891 circularem
583 832 716 891 motum
732 823 902 908 imitatur,
920 824 1009 890 alius
1024 831 1077 890 est
1090 846 1204 889 rerum
1219 824 1434 891 naturalium

287 974 358 1018 non
391 951 599 1018 naturaliter
629 951 910 1034 constitutarum,
941 960 977 1017 et
1006 949 1063 1015 hic
1091 958 1206 1017 motus
1231 956 1432 1018 estractus.

243 1082 264 1145 5
287 1081 397 1145 Recta
417 1083 422 1167 l
442 1080 535 1145 anim
557 1086 616 1145 aer
639 1085 798 1178 movetur
817 1078 860 1144 ad
878 1100 1028 1145 vacuum
1058 1079 1315 1167 complendum
1341 1081 1435 1146 recta
1459 1082 1610 1145 14'M

287 1204 376 1293 lapis
387 1227 450 1292 per
461 1213 587 1288 aerem,
608 1211 643 1270 et
659 1225 801 1292 corpora
817 1205 979 1292 graviora
995 1227 1057 1292 per
1076 1226 1202 1290 aquam
1217 1205 1433 1292 penetrando

288 1333 504 1417 deferuntur,
525 1338 564 1396 ut
581 1331 709 1414 locum,
728 1330 767 1395 in
786 1352 853 1417 quo
872 1332 928 1396 vel
946 1330 1154 1397 naturaliter
1178 1331 1360 1417 quiescant
1378 1332 1434 1398 val

288 1468 507 1544 moveantur,
526 1459 697 1542 habeant;
718 1463 823 1542 recta,
840 1465 1012 1544 quant-um
1030 1459 1195 1545 possibile
1214 1464 1281 1544 est,
1303 1464 1437 1524 contra·

288 1587 379 1653 rium
407 1585 500 1672 fugit
522 1608 542 1650 a
561 1584 748 1666 contrarie,
776 1590 815 1651 ut
843 1582 973 1668 fumus,
1005 1606 1128 1670 vapor,
1163 1606 1254 1669 aqua
1282 1583 1326 1649 ab
1354 1583 1435 1671 igne

223 1718 266 1782 10
289 1718 363 1800 (per
390 1734 467 1778 eam
498 1711 591 1777 enim
615 1708 743 1775 lineam
771 1709 873 1776 citius
901 1709 946 1776 ad
969 1710 1179 1776 distantiora
1202 1710 1433 1797 perducitur);

288 1842 382 1907 rectia
400 1838 506 1904 etiam
526 1835 639 1903 simile
658 1835 772 1901 tendit
795 1837 840 1902 ad
862 1836 973 1902 simila
1000 1845 1035 1902 et
1059 1837 1268 1904 conveniens
1294 1838 1376 1924 sibi,
1395 1844 1436 1904 ut

288 1967 391 2054 palea
407 1964 451 2032 ad
467 1963 635 2045 ambram,
651 1961 782 2028 ferrum
799 1961 843 2027 ad
859 1969 1070 2050 magnatem,
1087 1971 1126 2029 ut
1139 1963 1262 2029 molius
1276 1970 1311 2028 et
1325 1963 1434 2029 satius

289 2089 553 2180 coniquiescant
571 2087 629 2154 vel
648 2095 936 2154 commoveantur.
957 2089 1020 2154 Est
1036 2089 1141 2155 tertia
1160 2089 1290 2176 species
1310 2093 1434 2171 motua
1459 2090 1554 2153 64³
1573 2089 1612 2153 0

290 2216 346 2301 qui
369 2221 421 2282 est
439 2213 593 2302 partium
612 2213 767 2278 omnium
786 2218 821 2278 et
839 2212 952 2279 fluxus
972 2221 1007 2278 et
1025 2213 1178 2280 influxus
1197 2215 1241 2280 ab
1273 2213 1434 2279 omnibus

223 2350 265 2414 15
288 2340 488 2427 corporibus
507 2337 738 2421 naturalibus,
756 2359 843 2424 quae
860 2337 989 2403 circum
1002 2337 1155 2423 undique
1169 2338 1303 2423 aliquid
1319 2360 1437 2404 secun·

290 2465 373 2530 dum
396 2464 624 2551 multiplicem
652 2462 821 2528 rationem.
845 2485 865 2527 a
889 2485 924 2527 se
949 2463 1034 2550 ipsis
1061 2462 1296 2547 eiaculantur;
1321 2472 1356 2530 at
1378 2462 1435 2528 hic

290 2597 405 2657 motus
424 2590 461 2654 in
485 2588 759 2676 praesentiarum
787 2587 980 2675 appelletur
1005 2587 1214 2676 sphaericus.
1242 2589 1323 2655 Non
1342 2588 1435 2654 enim

289 2721 341 2782 est
360 2713 548 2781 secundum
565 2737 671 2780 unam
690 2713 817 2778 lineam
836 2719 966 2778 rectam
985 2713 1039 2780 vel
1058 2719 1098 2779 ut
1122 2737 1142 2779 a
1169 2713 1296 2796 medio,
1317 2713 1373 2779 vel
1395 2719 1436 2779 ut

287 2840 507 2924 armedium,
521 2840 575 2905 vel
592 2839 680 2905 circa
693 2838 860 2922 inedium,
873 2839 932 2905 sed
948 2840 1135 2906 seeundum
1152 2840 1307 2905 infinitas
1325 2840 1436 2906 lineas

222 2974 267 3036 20
289 2967 385 3033 velut
404 2967 447 3032 ab
472 2965 591 3031 eodem
615 2970 746 3047 centr0,
768 2963 1045 3048 quandoquidem
1070 2989 1089 3031 a
1114 2972 1187 3032 toto
1208 2987 1360 3032 convexo
1377 2989 1437 3053 pe·

289 3093 431 3159 rimetro
451 3115 511 3158 seu
535 3091 713 3177 superficie
743 3091 786 3156 ab
817 3089 954 3156 interno
986 3091 1117 3176 aliquid
1148 3115 1292 3178 corpora
1320 3093 1437 3158 omnia

289 3218 471 3286 excutiunt
490 3225 524 3282 et
543 3217 721 3299 emittunt,
741 3237 878 3281 rursum
902 3216 1006 3281 etiarn
1032 3217 1068 3280 in
1097 3241 1132 3281 se
1161 3218 1236 3304 ipsa
1264 3219 1438 3306 recipiunt

290 3354 325 3411 et
343 3344 552 3426 immittunt;
573 3341 772 3407 adolescunt
791 3347 907 3406 autem
926 3349 1030 3428 atque
1057 3342 1277 3429 vigorantur,
1297 3343 1435 3429 quando

290 3469 609 3537 convenientiorem
622 3466 774 3531 influxus
791 3475 930 3552 superat
942 3467 1115 3552 effluxum,
1129 3493 1147 3533 e
1160 3476 1280 3534 contra
1292 3492 1372 3536 vero
1388 3493 1437 3534 se-

224 3605 268 3671 25
291 3602 452 3679 noscunt,
473 3593 687 3674 decrescunt,
700 3597 852 3678 torpent,
866 3593 1003 3677 quaudo
1024 3599 1265 3658 extraneorum
1285 3593 1437 3660 influxus

292 3728 327 3788 et
350 3719 563 3786 naturalium
586 3715 730 3782 effluxus
750 3716 789 3781 fit
808 3716 931 3802 maior,
951 3717 1159 3802 tandemque
1179 3740 1221 3781 ex
1249 3718 1317 3783 ist-a
1336 3741 1438 3784 causa

294 3845 469 3933 corruptio
483 3844 573 3908 inest
585 3843 687 3908 rebus
699 3848 733 3906 et
745 3841 908 3925 mutatio,
927 3864 1014 3929 (luae
1027 3843 1173 3908 mutatio
1187 3843 1298 3908 omnis
1319 3867 1376 3909 seu
1394 3845 1438 3909 al-

294 3972 418 4037 teratio
432 3976 466 4036 et
479 3969 660 4037 dissolutio
687 3998 705 4035 a
732 3997 750 4034 a·
776 3997 802 4034 a.
816 3969 867 4033 De
880 3970 1012 4035 duobus
1024 3969 1128 4055 primi
1137 3969 1274 4054 generis
1286 3970 1437 4036 motibus

387 4227 402 4275 4
420 4225 645 4277 constitutarum
657 4241 708 4276 scu
717 4230 745 4277 et
754 4225 785 4275 M
790 4228 797 4260 ¹
846 4227 875 4275 14
889 4225 1017 4276 omnium
1027 4241 1062 4275 ex
1076 4225 1084 4274 i
1091 4262 1203 4276 ........
1219 4227 1288 4275 etl!
1296 4229 1303 4261 ¹
1348 4229 1380 4276 25
1394 4229 1439 4279 da·

296 4312 431 4358 crescunt
448 4308 479 4356 Μ
484 4322 489 4355 :
507 4307 675 4358 crescuntO
737 4307 768 4355 26
782 4307 815 4355 fit
831 4305 864 4354 M
872 4321 877 4354 :
893 4305 931 4355 sit
949 4305 970 4356 C
1032 4307 1071 4355 27.
1083 4307 1114 4355 28
1130 4305 1169 4356 aie
1184 4307 1248 4370 Ort,
1267 4304 1389 4356 abbiamo
1403 4325 1442 4358 se·

295 4394 381 4453 pcata
397 4405 453 4438 aaa
466 4388 578 4448 laeana,
594 4384 698 4437 settene
711 4402 765 4436 aron
779 4381 915 4437 ricaciamo
933 4387 970 4437 ccl
983 4383 1157 4453 imnzapinare
1174 4404 1235 4437 cora
1251 4387 1323 4438 aella
1340 4387 1441 4438 laeana

296 4467 400 4532 ciserae
