3488 5108
309 374 368 433 356
746 389 888 436 rounam
907 389 1011 435 anvm

309 543 460 610 cundum
478 548 624 626 tactum,
645 543 683 608 in
701 515 833 632 septem
849 544 925 610 istis
941 544 1146 610 differentiis
1162 568 1326 611 uumerus
1342 546 1452 635 inspi-

308 669 399 734 citur
406 691 413 750 ;
438 690 583 755 quarum
614 668 727 756 prima
760 676 812 735 est
846 670 995 735 calidum
1019 677 1054 736 et
1084 669 1268 756 frigidum,
1301 672 1451 737 secunda

308 795 437 860 siccum
455 801 491 859 et
508 793 702 876 humidum,
721 794 826 862 tertia
844 818 950 880 grave
969 803 1004 861 et
1023 795 1112 880 leve,
1130 803 1256 883 quarta
1272 796 1397 863 durum
1415 803 1449 862 et

308 919 423 1003 molle,
440 918 563 1004 quinta
582 919 754 985 lubricum
774 928 808 986 et
827 919 975 1004 aridum,
996 928 1092 987 sexta
1123 945 1284 1009 asperum
1303 929 1339 988 et
1356 924 1447 1006 lene,

264 1050 284 1114 ὅ
307 1043 454 1132 septima
478 1066 630 1111 crassum
649 1051 683 1110 et
702 1052 814 1112 tenue.
839 1047 882 1111 In
900 1045 954 1112 his
972 1069 1079 1132 grave
1108 1052 1144 1112 et
1162 1046 1238 1112 leve
1256 1069 1317 1134 per
1336 1071 1372 1112 se
1390 1070 1449 1113 ne-

307 1192 373 1255 que
402 1169 517 1236 activa
547 1175 628 1237 sunt
658 1194 771 1257 neque
799 1172 949 1257 passiva,
978 1171 1139 1237 similiter
1167 1179 1203 1237 et
1231 1172 1448 1239 differentiae

307 1318 394 1382 quae
412 1300 621 1380 sequuntur3
641 1297 726 1387 illae
741 1296 833 1362 enim
852 1304 934 1364 sunt
953 1297 1088 1362 activae
1107 1304 1142 1362 et
1159 1297 1318 1385 passivae
1338 1298 1449 1384 quali·

305 1427 407 1504 tates,
438 1443 500 1508 per
518 1442 604 1506 quas
633 1422 802 1488 elementa
826 1422 864 1487 in
886 1421 1036 1488 invicem
1067 1422 1255 1488 miscentur
1274 1428 1309 1487 et
1336 1429 1448 1490 trans-

304 1552 497 1630 mutantur,
528 1570 652 1634 nempe
680 1570 768 1633 quae
795 1554 877 1615 suut
904 1548 996 1614 circa
1021 1548 1170 1635 primam
1194 1558 1230 1615 et
1260 1549 1446 1616 secundam

240 1671 282 1735 10
304 1669 545 1738 differentiam.
565 1670 743 1739 Differunt
766 1680 882 1739 autem
902 1672 1088 1759 qualitates
1119 1673 1252 1762 primae
1271 1680 1306 1739 et
1325 1698 1444 1741 secun·
1482 1674 1485 1679 ’

302 1797 380 1881 dae,
412 1798 494 1882 quia
525 1799 605 1865 illae
635 1806 717 1865 sunt
747 1799 896 1884 activae,
926 1800 1014 1865 istae
1033 1822 1115 1865 vero
1140 1801 1308 1888 passivae.
1332 1801 1446 1867 Calidi

301 1924 391 1990 actio
411 1933 464 1991 est
480 1947 690 2013 congregare
709 1949 764 2003 ea,
785 1948 873 2011 quae
890 1933 971 1992 sunt
986 1926 1137 1991 eiusdem
1156 1927 1305 2012 generis,
1325 1934 1360 1993 et
1376 1927 1443 1994 dis·

301 2074 459 2138 gregare,
492 2076 580 2138 quae
609 2052 724 2118 alieni.
754 2052 937 2139 Frigidum
967 2052 1150 2139 coniungit
1186 2060 1221 2118 et
1255 2060 1445 2141 congregat

301 2185 376 2243 tum
395 2201 435 2244 ea
455 2200 543 2263 quae
561 2178 712 2244 eiusdem
731 2178 886 2264 generis,
905 2187 982 2243 tum
998 2200 1138 2262 eaquae
1153 2199 1233 2244 non.
1251 2178 1444 2244 Humidum

236 2309 277 2371 15
301 2311 364 2389 est,
393 2305 486 2390 quod
505 2304 762 2371 interminabile
780 2311 832 2370 est
850 2304 991 2391 proprio
1012 2304 1167 2387 termine,
1188 2312 1223 2370 et
1242 2311 1341 2372 tanto
1361 2306 1445 2372 faci·

298 2432 366 2499 lius
384 2432 603 2515 terminatur,
624 2439 755 2517 quanto
774 2430 886 2517 magis
904 2430 1083 2496 minuitur.
1104 2431 1241 2497 Siccum
1261 2438 1331 2516 est,
1350 2433 1442 2518 quod

299 2554 400 2622 facile
420 2556 640 2622 terminabile
668 2562 721 2621 est
743 2555 884 2643 proprio
915 2555 1080 2639 termino,
1109 2555 1294 2622 difficulter
1325 2565 1441 2623 autem

298 2681 448 2746 termino
467 2681 589 2748 alieno.
608 2681 777 2767 Reliquae
793 2680 1009 2753 differentiae
1028 2680 1180 2768 pendent
1199 2682 1243 2747 ab
1263 2682 1340 2747 istis
1359 2681 1440 2748 dua·

298 2805 362 2871 bus
381 2807 513 2894 primis.
532 2808 585 2872 Ex
603 2808 716 2894 primo
737 2808 844 2889 enim,
866 2807 947 2892 quia
966 2807 1100 2872 humidi
1119 2815 1171 2872 est
1189 2808 1320 2895 replere
1338 2832 1382 2874 ex
1400 2832 1440 2875 eo

232 2941 276 3004 20
300 2932 391 3018 quod
410 2942 549 3001 nonest
568 2935 794 3000 terminatum
814 2941 848 2998 et
867 2932 969 2998 facile
988 2934 1226 3016 terminabile3
1249 2938 1254 3022 Ι
1275 2934 1439 3021 secunde,
1465 2941 1616 3005 GO'B

299 3059 391 3144 quod
411 3067 462 3125 est
487 3061 598 3146 magis
617 3066 733 3145 tenue,
763 3066 816 3124 est
835 3060 946 3144 magis
964 3059 1189 3146 repletivum;
1216 3060 1327 3146 magis
1347 3061 1439 3127 enim

224 3245 233 3257 ,
298 3207 485 3272 parvarum
502 3186 655 3274 partium
675 3193 709 3251 et
728 3186 840 3272 magis
867 3184 1049 3251 subtilium
1068 3185 1220 3272 partium
1243 3185 1323 3272 plus
1343 3187 1440 3252 venit

296 3311 335 3376 in
365 3321 563 3380 contactum
592 3313 745 3380 alienum
773 3335 835 3399 per
865 3334 943 3377 suas
962 3317 1079 3398 partes
1104 3318 1208 3396 atque
1238 3312 1342 3376 etiam
1370 3336 1442 3378 rnn-

296 3445 410 3523 tuum,
441 3462 544 3526 quam
571 3441 663 3527 quod
694 3448 745 3506 est
775 3439 929 3527 partium
959 3438 1129 3504 maiorum
1159 3446 1193 3504 et
1224 3438 1440 3504 crassiorum.

229 3575 273 3637 25
296 3564 390 3630 Hinc
417 3566 586 3650 sequitur,
618 3566 709 3652 quod
739 3565 892 3631 tenuitas
920 3562 1074 3650 pertinet
1109 3563 1153 3627 ad
1180 3563 1439 3647 humiditatem,

297 3689 486 3757 crassitudo
505 3713 587 3756 vero
607 3691 651 3757 ad
669 3692 869 3757 siccitatem.
889 3708 940 3761 (ιι.)
957 3688 1075 3753 Tertio
1095 3688 1317 3772 subsequitur
1333 3688 1442 3754 lubri-

296 3836 373 3880 cum
386 3815 478 3902 quod
489 3816 642 3902 pertinet
654 3814 697 3880 ad
709 3814 889 3880 humidum
907 3814 997 3879 sicut
1013 3813 1136 3896 oleum,
1149 3820 1183 3877 et
1196 3813 1331 3878 aridum
1349 3814 1441 3900 qnod

294 3940 446 4026 pertinet
465 3940 509 4006 ad
527 3942 668 4024 siccum,
700 3939 980 4026 quandoquidem
1009 3945 1043 4003 et
1074 3961 1113 4003 ea
1139 3961 1225 4024 quae
1257 3938 1439 4026 congelan-

295 4070 361 4148 tur,
379 4073 522 4152 propter
537 4066 765 4133 defectionem
781 4064 942 4153 propriae
958 4063 1178 4129 humiditatis
1193 4065 1437 4152 congelantur;

228 4203 272 4266 30
295 4198 504 4278 quapropter
534 4193 661 4274 oleum,
692 4191 784 4277 qued
802 4196 854 4256 est
877 4189 989 4276 magis
1019 4198 1171 4273 aereum,
1196 4191 1312 4257 minus
1336 4191 1438 4257 facile

295 4317 497 4401 congelatur
531 4341 635 4403 (luam
658 4340 757 4403 aqua.
794 4318 925 4394 Quarto
960 4315 1061 4378 molle
1095 4323 1230 4401 spectat
1264 4317 1370 4382 etiam
1395 4318 1438 4383 ad

293 4439 549 4527 humilditatem
568 4443 644 4527 (hoc
660 4443 753 4509 enim
771 4441 862 4509 cedit
880 4442 918 4506 in
938 4464 973 4506 se
991 4439 1107 4528 ipsum
1131 4448 1166 4506 et
1184 4464 1255 4507 nen
1272 4442 1435 4525 obsistit),
1463 4447 1557 4510 43r
1572 4447 1610 4512 Ο
