3488 5108
298 408 355 466 152
738 419 880 464 menam
899 419 1002 464 aavru

384 578 449 643 IX.
475 577 570 655 Quae
585 577 737 643 eiusdem
753 574 974 659 intentioniS,
988 575 1102 662 utqui
1118 575 1209 641 idem
1225 575 1437 662 intelligunt.

384 703 429 768 X.
451 703 546 782 Quae
563 701 715 768 eiusdem
735 701 1014 790 conspirationis,
1034 707 1155 789 utpote
1173 724 1261 787 quae
1284 701 1328 768 ad
1347 701 1439 768 idem

295 830 453 898 tendunt.

383 960 448 1026 XI.
473 958 569 1038 Quae
589 957 741 1025 eiusdem
759 955 853 1040 finis,
872 963 995 1044 utpote
1014 977 1101 1042 quae
1129 955 1168 1021 in
1196 955 1316 1023 eodem
1335 978 1438 1045 scopo

250 1081 271 1146 5
294 1085 498 1152 consistunt.

383 1209 466 1275 XII.
491 1209 586 1288 Quae
605 1209 642 1274 in
661 1208 780 1274 eadem
799 1206 1037 1273 familiaritate
1066 1213 1100 1273 et
1129 1207 1370 1292 contubernio,
1400 1217 1440 1276 ut

294 1336 410 1419 amici,
430 1337 686 1421 commensales,
708 1335 801 1402 socii.

382 1462 485 1527 XIII.
510 1462 605 1541 Quae
628 1462 756 1527 eisdem
775 1461 916 1526 obstant
944 1466 979 1526 et
1009 1459 1196 1544 obsistunt,
1222 1467 1436 1547 repugnant3

295 1588 385 1654 unde
405 1587 628 1674 constipatio,
650 1608 844 1652 concursus.

229 1706 270 1769 10
381 1713 478 1779 XIV.
505 1712 599 1790 Quae
621 1712 659 1777 in
689 1709 944 1777 combinatione
975 1709 1184 1792 consistunt,
1215 1715 1255 1775 ut
1282 1709 1438 1776 diversae

292 1846 423 1927 partes,
443 1839 616 1927 principia
634 1844 669 1904 et
688 1839 875 1920 elementa,
896 1835 1136 1923 multipliciter
1164 1835 1373 1903 ordinabilia
1403 1847 1438 1903 ct

294 1965 462 2032 oo'e'untia.

382 2089 460 2155 XV.
486 2089 582 2168 Quae
604 2096 686 2155 sunt
710 2087 874 2175 colligata
897 2071 961 2154 vel
977 2108 1147 2173 connexa,
1168 2086 1383 2174 colligabilia
1403 2094 1438 2153 et

294 2214 536 2281 connexibilia.

229 2329 270 2392 15
381 2340 479 2406 XVI.
503 2341 545 2405 In
565 2339 690 2424 quibus
709 2346 761 2404 est
780 2337 993 2418 commixti0,
1014 2338 1257 2425 agglutinatio.

383 2465 497 2529 XVII.
524 2465 619 2543 Quae
638 2465 688 2529 ita
707 2471 788 2530 simt
807 2464 993 2529 commixta
1012 2471 1048 2529 et
1067 2463 1270 2551 composita,
1290 2470 1330 2530 ut
1350 2484 1441 2529 com·

293 2589 489 2676 plexionem
505 2589 678 2675 quandam
697 2587 859 2655 referant.

383 2714 516 2781 XVIII.
542 2714 642 2782 Unde
667 2712 856 2780 iucundum
887 2720 922 2779 et
952 2714 1170 2799 delectabile,
1196 2720 1317 2802 utpote
1347 2711 1440 2800 quod

293 2840 427 2927 pellicit
447 2839 650 2926 appetitum.

227 2962 272 3026 ‘20
382 2965 484 3029 XIX.
510 2963 681 3050 Quicquid
706 2963 898 3030 conducens
918 2971 952 3030 et
972 2965 1071 3047 utile,
1100 2962 1285 3052 expediens
1315 2970 1349 3029 et
1380 2985 1439 3029 ne-

294 3094 488 3139 cessarium.

383 3197 465 3261 XX.
491 3195 599 3261 Omne
612 3196 804 3282 pertinace,
817 3202 976 3282 spectans
989 3202 1023 3260 et
1036 3196 1223 3284 respiciens
1236 3196 1280 3262 ad
1294 3195 1435 3282 aliquid.
1465 3201 1575 3265 161v

383 3323 483 3388 XXI.
509 3321 618 3387 Omne
636 3322 845 3410 proximum,
866 3321 976 3388 affine.

382 3448 502 3513 XXII.
527 3447 636 3513 Omne
656 3447 892 3530 coniunctum,
912 3447 1064 3530 unitum,
1084 3447 1335 3513 continuatum.

227 3586 270 3649 ‘25
383 3572 521 3636 XXIII.
547 3571 656 3637 Omne
675 3570 906 3659 inseparabile
923 3578 957 3636 et
976 3571 1221 3637 indissolubile.

382 3697 516 3762 XXIV.
541 3695 649 3762 Omne
674 3697 860 3782 quadrans,
882 3696 1188 3781 accommodatum,
1218 3704 1352 3785 aptum,
1381 3721 1440 3785 ap·

292 3823 444 3910 positum
463 3829 497 3887 et
515 3821 664 3908 perbone
682 3821 898 3888 conveniens.

382 3948 498 4013 XXV.
524 3946 632 4013 Omne
670 3948 913 4035 agglobatum,
952 3947 1210 4033 conglobatum,
1240 3947 1437 4029 confusum,

295 4073 519 4160 implicitum,
540 4073 751 4139 intricatum.

297 4265 396 4272 ———
680 4266 803 4274 --——-
812 4267 977 4274 ——-
995 4268 1042 4273 —-
1050 4267 1428 4275 ————-——.-.——.—.

382 4372 629 4462 itidinebiliel
694 4411 965 4478 recolligentem
1032 4415 1061 4463 lo'
1082 4420 1196 4463 coffixta
1218 4409 1279 4476 (cic)
1301 4411 1339 4461 A:
1364 4426 1436 4462 com-

296 4492 426 4542 mistall!
486 4493 518 4541 27
534 4488 659 4558 perbelle
672 4493 703 4543 M
