3488 5108
715 421 759 464 na
780 420 933 464 viuevms
954 421 988 465 m
1009 421 1151 466 canaan.
1447 407 1506 466 679

451 578 763 667 Propertionah'ter
782 576 922 643 vincula
942 584 1042 662 sunt,
1063 577 1189 662 quihus
1208 586 1327 665 turpes
1347 576 1507 644 vinciunt

363 726 404 770 ax
431 705 595 792 opinione
622 702 870 786 animositatis,
901 703 1136 786 strenuitatiS,
1161 703 1245 769 item
1272 703 1506 790 eloquentiae,

362 832 521 897 solertiae
547 837 582 896 et
610 829 756 896 aliorum
775 828 988 910 huiusmodi,
1009 836 1048 894 ut
1072 851 1112 894 ex
1132 851 1201 896 uno
1220 852 1345 917 genere
1364 830 1507 895 virtutis

363 956 467 1022 etiam
484 978 545 1042 per
561 953 656 1021 aliud
671 977 780 1040 genus
797 952 942 1019 affectus
958 954 1090 1019 vincire
1105 953 1249 1041 possint.
1267 953 1346 1020 Non
1363 962 1414 1020 est
1429 977 1507 1021 rara

319 1101 339 1166 5
363 1081 595 1169 experientia,
616 1103 684 1168 qua
708 1102 750 1146 ex
769 1079 931 1167 opinione
958 1079 1101 1145 virtutis
1129 1079 1184 1144 vel
1215 1087 1295 1147 actu
1323 1080 1506 1147 facundiae

363 1207 534 1295 turpiores
553 1207 597 1272 ad
615 1207 784 1272 Venerem
804 1206 964 1271 vinciunt
983 1205 1168 1292 viragines.

684 1418 830 1458 thctbtltnm
847 1419 1101 1466 hermogenianum
1120 1418 1179 1457 xxl.

452 1554 551 1620 Adde
572 1551 664 1638 quod
684 1549 810 1617 habeat
829 1550 975 1638 speciae,
996 1550 1087 1636 quod
1107 1549 1281 1616 ediverso
1301 1552 1413 1638 specio
1431 1550 1508 1614 vin-

363 1682 490 1764 ciatur,
506 1703 568 1768 per
588 1701 753 1761 amorem,
772 1677 903 1759 odium,
921 1676 1199 1760 admirationem,
1220 1677 1401 1764 pietatem,
1417 1698 1508 1742 com·

298 1823 340 1887 10
362 1806 571 1894 patentiam,
588 1809 622 1870 et
638 1804 674 1869 id
690 1827 799 1891 genus
816 1804 896 1884 alia,
914 1810 952 1868 nt
969 1825 1031 1889 pro
1047 1825 1183 1891 passere
1199 1802 1339 1886 Lesbia,
1355 1802 1506 1869 Corinna

362 1955 424 2019 pro
454 1930 588 2015 catella,
621 1929 826 2018 Cyparissus
853 1949 917 2016 pro
955 1950 1070 2013 cerva,
1103 1927 1244 2015 delphin
1276 1951 1339 2017 pro
1377 1927 1507 1995 Arione

362 2057 473 2123 vincti
493 2055 718 2122 celebrantur.
736 2056 778 2120 In
795 2076 944 2137 summa,
961 2054 999 2119 in
1022 2055 1116 2119 omni
1141 2054 1254 2141 specie
1279 2053 1409 2121 semina
1426 2060 1506 2120 sunt

363 2181 534 2248 illecebris
551 2180 594 2246 ad
609 2181 770 2267 reliquas.
789 2179 880 2245 Sileo
900 2179 942 2245 de
958 2178 1155 2267 sympathia
1171 2180 1263 2245 inter
1279 2179 1453 2246 hominem
1472 2184 1508 2244 et

364 2308 511 2390 leonem,
531 2315 708 2395 praetereo
729 2305 821 2391 quod
844 2305 926 2371 novi
951 2304 992 2370 de
1017 2305 1265 2371 consuetudine
1283 2306 1374 2371 inter
1393 2304 1508 2370 draco-

298 2449 338 2514 15
362 2456 441 2499 nem
461 2440 496 2498 et
513 2455 661 2521 puerum
679 2431 776 2497 mira.

724 2636 871 2677 thctblllum
887 2638 991 2678 mutatio.
1007 2638 1056 2677 Art.
1073 2637 1145 2677 xxu.

452 2765 625 2832 Vincibila
650 2766 694 2833 ab
718 2790 788 2834 una
812 2767 942 2834 vinculi
963 2767 1075 2856 specie
1099 2767 1142 2834 ad
1167 2767 1374 2834 contrariam
1402 2767 1507 2833 etiam

361 2915 432 2957 non
462 2890 601 2956 difficile
632 2898 684 2958 est
706 2899 856 2976 mutare,
886 2893 1173 2979 quemadmodum
1204 2901 1239 2959 ot
1263 2893 1431 2959 mutabile
1455 2899 1507 2959 est

361 3016 536 3099 vinciens;
561 3017 633 3082 aive
662 3018 849 3083 secundum
879 3041 951 3084 rem
980 3021 1051 3085 sivo
1081 3019 1268 3086 secundum
1292 3019 1505 3107 opinionem,

294 3163 340 3227 20
361 3141 449 3206 nihil
472 3142 626 3208 interest.
647 3142 711 3209 Oui
727 3143 820 3210 enim
835 3145 997 3232 opinione
1016 3146 1193 3211 doctrinae
1212 3145 1295 3210 olim
1314 3145 1504 3225 vinciebar,

362 3289 440 3331 mox
459 3268 582 3333 maiori
602 3269 677 3335 lnce
697 3270 814 3336 ablata
833 3294 872 3335 ea
892 3271 1054 3358 opinione
1073 3271 1214 3337 vincula
1234 3277 1452 3357 contemptus
1472 3276 1507 3334 et

361 3391 614 3479 indignationis
644 3405 889 3462 successerunt.
919 3396 1045 3462 Vincta
1077 3397 1190 3483 specie
1219 3396 1353 3462 urentia
1383 3395 1508 3462 aetatis

362 3525 397 3583 ot
415 3520 700 3606 pulchritudinis,
722 3544 826 3606 quam
846 3521 951 3588 etiam
975 3544 1108 3588 morum
1138 3530 1173 3587 et
1204 3522 1336 3605 ingenii
1367 3521 1508 3587 vincula

363 3668 434 3710 non
454 3645 665 3729 confortant,
685 3653 839 3733 temporo
858 3648 1058 3713 relaxantur
1077 3655 1112 3713 et
1131 3647 1298 3713 delentur.

648 3859 794 3899 t'luclblltum
811 3870 880 3900 causa
895 3865 917 3900 ct
931 3861 1050 3901 obtectum.
1067 3861 1116 3901 Art.
1133 3861 1216 3901 xxm.

449 4008 577 4074 Latona
597 4016 648 4076 est
668 4009 758 4095 quod
779 4010 822 4076 ad
838 4033 988 4076 amorem
1008 4021 1043 4075 et
1071 4010 1188 4076 odium
1216 4032 1276 4075 sou
1306 4010 1505 4097 despectum

362 4134 448 4200 citra
467 4134 612 4201 rationis
629 4143 742 4201 actum
765 4136 934 4219 obvincit,
954 4144 988 4201 et
1004 4136 1104 4202 futile
1126 4136 1130 4224 Ι
1151 4143 1203 4201 est
1219 4136 1402 4202 Adrastiae
1419 4159 1507 4202 com·
1531 4149 1620 4212 931·

454 4402 484 4452 10
505 4403 618 4467 Lesbya
637 4402 669 4452 M
741 4407 769 4454 ll
794 4403 870 4456 Ovid.
891 4402 995 4454 lteram.
1017 4406 1060 4464 10,
1078 4405 1127 4452 120
1152 4422 1206 4468 sqq.
1283 4404 1316 4452 ‘23
1341 4404 1358 4452 l.
1383 4403 1506 4452 virentis

363 4482 393 4532 ‘27
414 4483 571 4534 Adrasdiae
581 4484 669 4536 cicli:
684 4485 718 4547 cf.
733 4485 806 4535 l’lae.
822 4484 945 4535 Phuedr.
955 4501 985 4548 p.
1001 4484 1083 4534 2491)
1094 4500 1148 4548 sqq.
1165 4483 1257 4549 (2480
1267 4488 1335 4548 sqq.)
