3488 5108
307 403 366 463 tac
596 408 599 415 “
750 415 888 461 roncum
910 414 1011 459 aavm

303 571 508 658 qualitatem
527 570 657 658 species
676 569 819 658 physice
843 569 1072 656 intelligendo
1090 574 1125 635 et
1143 569 1333 637 secundum
1350 570 1461 637 ratio·

302 721 382 763 nem
402 698 567 783 cuiusque
585 695 773 783 propriam.
795 695 894 774 Quod
912 696 942 761 si
960 695 1012 761 ita
1031 695 1190 762 doctrina
1205 695 1268 761 illa
1280 695 1459 783 gradatio-

303 846 386 890 num
412 823 552 891 omnino
580 843 670 888 vana
690 828 753 903 est,
775 828 1017 909 praeterquam
1037 843 1125 906 quae
1143 819 1251 887 fuerit
1277 821 1457 909 applicata

307 953 341 1012 et
368 938 480 1014 relata
507 946 551 1013 ad
579 947 814 1033 quantitatem
843 952 877 1012 et
905 946 1111 1032 qualitatem
1134 945 1287 1012 eiusdem
1311 946 1454 1035 speciei,

262 1079 284 1141 ὃ
307 1074 397 1140 sicut
415 1079 497 1138 sunt
514 1071 644 1158 gradus
663 1071 701 1136 in
720 1072 832 1138 calore
851 1071 974 1154 febris,
991 1071 1029 1136 in
1047 1069 1256 1137 humiditate
1274 1071 1378 1139 huius
1395 1073 1455 1139 vel

303 1200 398 1266 illius
424 1197 592 1286 simplicis
615 1198 767 1282 actione,
786 1197 889 1264 huius
912 1198 969 1263 vel
987 1196 1081 1263 illius
1112 1197 1264 1286 corporis
1294 1196 1454 1285 passiva,

304 1346 428 1411 nempe
447 1322 594 1403 cerebri,
615 1321 753 1409 hepatis
773 1328 836 1387 etc.

391 1447 485 1513 Hinc
503 1447 584 1512 data
605 1453 657 1512 est
681 1446 812 1513 occasio
836 1445 972 1512 cuidam
991 1445 1128 1512 maniae
1148 1446 1365 1532 quorundam
1383 1468 1455 1512 me·

303 1573 473 1659 dicorum,
498 1594 584 1658 quos
607 1571 649 1637 de
672 1572 788 1637 mania
807 1570 1024 1658 disputantes
1042 1570 1117 1637 vidi
1142 1571 1181 1635 in
1198 1570 1347 1656 quadam
1367 1570 1453 1638 Ger·

239 1714 280 1776 10
303 1698 440 1764 manica
459 1697 659 1780 Academia,
679 1697 740 1783 qui
759 1696 924 1763 acerrimo
947 1701 982 1762 et
1005 1716 1134 1784 magno
1158 1719 1236 1763 cum
1255 1694 1398 1763 fremitu
1416 1703 1454 1763 et

303 1823 356 1889 ira
386 1824 579 1909 arguebant
609 1822 796 1909 quendam,
821 1821 882 1907 qui
908 1843 971 1909 pro
996 1820 1086 1887 thesi
1115 1820 1305 1888 remedium
1329 1828 1453 1889 contra

303 1948 453 2014 ananiam
486 1970 506 2014 a
534 1949 651 2015 Mesua
681 1948 900 2034 desumptum
930 1954 965 2012 et
1000 1947 1171 2034 optimum
1201 1952 1451 2032 annotaverat,

303 2095 426 2160 nempe
442 2073 636 2139 adhibendo
653 2072 761 2160 capiti
773 2072 817 2138 ad
830 2072 962 2139 cerebri
975 2071 1283 2139 consolidationem
1294 2095 1453 2140 muscum

303 2206 337 2263 et
360 2197 555 2282 masticem,
575 2198 655 2265 thus
679 2208 714 2264 et
741 2199 809 2264 alia
832 2197 1044 2282 huiusmodi,
1072 2198 1128 2263 cui
1151 2196 1204 2262 illi
1228 2198 1453 2285 opponebant

238 2327 280 2390 15
303 2323 414 2389 morbi
451 2323 643 2390 siccitatem
667 2332 702 2389 et
725 2323 952 2408 caliditatem,
982 2345 1086 2408 quam
1115 2322 1225 2389 bonus
1255 2322 1321 2389 iste
1349 2322 1451 2390 siccis

303 2456 407 2535 atquc
431 2448 551 2515 calidis
575 2472 693 2516 curare
717 2446 965 2529 contendebat,
980 2470 1058 2513 cum
1078 2454 1196 2513 tamen
1214 2446 1368 2514 dicerent
1391 2448 1452 2514 ad-

302 2574 447 2642 versarii
470 2575 562 2661 quod
584 2576 713 2642 talibus
736 2575 897 2641 remediis
916 2573 1144 2641 constitutum
1163 2580 1381 2661 promoveret
1404 2573 1451 2640 ad

303 2707 481 2784 extremae,
493 2700 552 2767 sed
566 2700 668 2766 miser
682 2701 741 2765 ille
755 2699 910 2787 pendens
926 2707 1063 2766 tantum
1080 2697 1187 2783 abest,
1197 2704 1237 2764 ut
1248 2720 1329 2765 suae
1341 2698 1450 2765 thesis

302 2827 472 2891 rationem
497 2834 614 2912 posset
633 2826 813 2907 adducere,
834 2831 874 2890 ut
893 2824 998 2889 etiam
1016 2847 1141 2910 parum
1159 2823 1311 2891 abfuerit
1330 2846 1374 2890 ne
1392 2846 1450 2891 ve-

236 2959 280 3021 ‘20
302 2951 396 3015 niam
416 2951 617 3037 imploraret
637 2952 680 3016 ab
701 2951 922 3034 abuersariiS,
941 2957 981 3015 ut
999 2949 1085 3014 mibi
1109 2949 1263 3014 venitin
1281 2956 1447 3035 mentem,

303 3075 393 3160 quod
416 3075 719 3159 fortassoadiecta
743 3077 823 3141 nive
847 3098 951 3161 supra
971 3075 1084 3161 capite
1108 3075 1164 3139 vel
1186 3074 1309 3141 balneo
1336 3097 1448 3161 aquae

301 3199 450 3285 frigidae
469 3201 598 3287 optimc
618 3202 752 3266 maniae
771 3202 911 3267 morbus
927 3199 1075 3286 frigidus
1099 3207 1134 3265 ct
1158 3200 1289 3265 calidus
1314 3222 1448 3266 curare·

300 3331 371 3409 tur,
391 3326 441 3392 ita
460 3332 500 3391 ut
522 3333 557 3390 et
581 3325 697 3391 nullus
716 3325 913 3390 huiusmodi
934 3325 1209 3392 adversariorum
1228 3332 1447 3410 argumenta·

301 3450 455 3517 tionibus
482 3453 577 3517 locus
606 3457 808 3515 remaneret.
828 3450 937 3515 Nobis
966 3458 1081 3516 autem
1105 3450 1203 3516 iuxta
1228 3458 1448 3537 praesentem

235 3593 278 3654 25
302 3575 495 3642 doctrinam
525 3577 627 3642 facile
653 3583 704 3641 est
730 3598 845 3640 rerum
870 3576 991 3642 harum
1016 3577 1186 3641 rationem
1210 3576 1364 3658 reddere,
1395 3576 1446 3642 di-

303 3701 409 3766 cendo
434 3702 587 3767 diversas
611 3725 683 3767 esse
708 3701 810 3766 calidi
835 3701 964 3787 speeies
988 3710 1022 3765 et
1046 3709 1203 3783 naturas;
1230 3702 1393 3767 similiter
1411 3709 1447 3768 et

301 3825 394 3911 ignis
410 3827 508 3892 iuxta
527 3827 616 3892 hanc
636 3848 852 3891 communem
872 3825 1162 3911 significationem
1183 3833 1217 3891 et
1234 3826 1273 3892 in
1291 3850 1447 3913 unaqua-

303 3974 368 4034 que
388 3952 500 4037 specie
520 3958 570 4015 est
590 3974 651 4016 sua
671 3950 899 4017 contrarietas
918 3952 1015 4016 iuxta
1034 3952 1203 4017 famosam
1221 3952 1446 4039 physicorum

311 4125 395 4132 -—
402 4126 554 4132 -———.
801 4126 805 4131 .
813 4125 943 4131 —----

395 4234 444 4284 a?
461 4231 499 4282 aie
560 4232 683 4296 tapetis
702 4232 731 4282 t!
795 4233 876 4282 11.12
897 4237 998 4281 contra
1018 4231 1142 4281 maniam
1164 4224 1213 4281 ΜΓ
1232 4231 1282 4296 (l):
1305 4246 1370 4281 cnm
1388 4246 1447 4281 ma·

304 4313 378 4362 niam
397 4306 442 4362 M'J
508 4314 538 4362 12
552 4314 748 4376 et1sorscut?
812 4314 842 4363 13
857 4312 1113 4363 consolidationem
1127 4304 1176 4361 ills
1188 4313 1239 4375 (ῆι
1255 4313 1449 4363 consvetatic·

304 4385 428 4442 1101an
493 4394 523 4441 ll
538 4411 554 4440 a
569 4411 585 4441 a
601 4411 617 4441 a
635 4413 647 4441 a
662 4395 708 4444 cui
726 4394 758 4443 Μ
820 4386 1064 4458 repentaneus:
1080 4392 1232 4456 rudeusrtl
1247 4385 1294 4442 Μ’)
1357 4394 1388 4444 21
1401 4408 1447 4443 su·

304 4479 362 4538 pra]
379 4473 423 4522 vel
438 4488 524 4539 supra
532 4473 563 4523 ill
569 4476 576 4508 ¹
