3488 5108
840 409 884 454 DE
904 409 1021 455 Maeli.

692 694 803 737 Quartum
818 690 933 729 vlncnlnrn
948 693 982 729 eat
996 700 1024 729 ex
1040 690 1168 739 phantaela.

447 954 548 1005 (aava.
564 956 668 1007 xavut)
682 936 788 1003 Cuius
805 937 945 1024 quidem
959 960 1084 1004 munus
1101 946 1152 1004 est
1168 940 1319 1026 recipere
1335 941 1464 1027 species
1481 966 1501 1008 a

358 1063 517 1131 sensibus
535 1062 667 1128 delatas
683 1069 718 1127 et
737 1062 927 1141 continere,
948 1070 983 1128 et
1006 1085 1210 1151 componere
1234 1087 1291 1130 eas
1314 1073 1348 1130 et
1371 1065 1502 1133 divide-

358 1212 408 1273 re,
428 1187 520 1274 qnod
538 1187 678 1273 quidem
703 1186 828 1253 accidit
852 1185 1054 1274 dupliciter:
1074 1209 1144 1254 uno
1167 1197 1268 1275 pacto
1291 1212 1331 1256 ex
1356 1192 1500 1259 arbitrio

314 1324 336 1388 5
358 1315 413 1382 vel
432 1312 599 1379 electione
617 1311 859 1399 imaginantis,
884 1312 986 1397 quale
1004 1319 1057 1378 est
1076 1321 1256 1401 poetarum
1275 1322 1310 1379 et
1329 1315 1497 1402 pictorum

359 1460 499 1522 munus,
524 1446 558 1504 et
576 1460 695 1505 eornm
712 1437 772 1525 qui
787 1437 952 1525 apologos
968 1446 1189 1525 componunt,
1207 1446 1241 1504 et
1257 1440 1500 1507 universaliter

358 1563 470 1631 omnis
494 1586 571 1629 curn
594 1563 729 1628 ratione
753 1563 882 1650 species
907 1564 1162 1650 componentis3
1187 1565 1254 1631 alio
1277 1574 1379 1651 pacto
1402 1573 1499 1632 extra

358 1688 542 1756 arbitrium
561 1698 597 1754 et
620 1688 832 1753 electionem.
853 1688 899 1753 Et
916 1688 967 1753 ita
985 1686 1187 1774 dupliciter:
1207 1688 1261 1753 vel
1280 1712 1342 1776 per
1361 1713 1499 1757 causam

358 1817 462 1883 etiam
481 1813 668 1900 eligentem
687 1820 723 1878 et
737 1812 986 1897 voluntariam,
1004 1812 1059 1877 vel
1074 1812 1118 1878 ab
1135 1813 1345 1879 extrinsecus
1361 1838 1499 1881 moven-

295 1948 337 2013 10
359 1952 439 2009 tem.
458 1940 505 2005 Et
522 1938 587 2003 hac
605 1937 753 2025 duplici:
770 1937 826 2002 vel
843 1937 1008 2021 mediata,
1025 1949 1064 2002 ut
1080 1936 1218 2002 homine
1241 1939 1300 2024 qui
1320 1963 1382 2027 per
1401 1964 1499 2006 voces

358 2067 413 2132 vel
430 2088 493 2154 per
511 2069 661 2152 spectra,
680 2085 742 2150 per
760 2062 873 2128 m'sum
892 2062 947 2127 vel
967 2085 1027 2148 per
1046 2061 1202 2128 auditum
1223 2064 1500 2150 perturbationes

358 2190 492 2258 inducit
503 2214 510 2274 ;
522 2190 577 2255 vel
596 2187 809 2271 immediata,
823 2195 862 2253 ut
874 2186 1061 2274 spirituali,
1074 2186 1249 2271 rationali,
1263 2212 1321 2254 seu
1334 2189 1499 2257 daemone

359 2319 418 2406 qui
437 2317 512 2405 agit
530 2317 567 2382 in
587 2314 807 2403 phantasiam
826 2336 888 2402 per
910 2314 1043 2380 somnia
1063 2314 1239 2379 ueletiam
1260 2337 1322 2402 per
1345 2315 1497 2407 vigilias,

358 2444 408 2510 ita
426 2443 580 2508 internas
608 2441 737 2529 species
767 2462 997 2522 commovens,
1018 2448 1057 2505 ut
1076 2439 1208 2525 aliquid
1227 2463 1346 2507 sensus
1365 2443 1498 2508 externi
1524 2520 1679 2584 ΞὸνΜ

297 2572 337 2637 15
360 2567 570 2658 apprehendi
591 2571 596 2652 Ι
616 2565 785 2632 videatur.
796 2565 896 2633 Unde
909 2565 1132 2651 energumeni
1147 2565 1288 2651 quidam
1300 2567 1415 2633 videre
1432 2568 1498 2633 sibi
1523 2609 1611 2673 73,
1627 2610 1663 2673 ο

359 2696 521 2763 videntur
551 2692 718 2780 quaedam
738 2694 934 2781 spectacula
964 2701 999 2758 et
1018 2692 1138 2758 audire
1163 2693 1327 2778 quasdam
1347 2717 1445 2760 voces
1463 2701 1498 2759 et

360 2822 564 2907 sententias,
581 2843 665 2906 quas
679 2826 804 2906 putant
819 2842 898 2884 vere
915 2819 957 2883 ab
970 2819 1122 2885 externis
1138 2820 1302 2885 subiectis
1318 2820 1498 2905 insinuari,

360 2949 451 3016 unde
470 2945 764 3035 importunissimo
788 2952 823 3009 et
846 2945 1126 3011 constantissime
1144 2952 1341 3011 asseverant
1364 2969 1399 3012 se
1417 2968 1498 3012 vera

360 3073 486 3141 vidisse
505 3080 539 3139 et
556 3094 638 3138 vera
657 3071 809 3153 audisse,
830 3071 889 3136 ubi
902 3071 1067 3136 nimirum
1080 3092 1150 3137 non
1168 3094 1286 3138 sensus
1305 3093 1421 3138 eorum
1442 3071 1497 3137 de·

295 3206 339 3271 20
360 3202 494 3290 cipitur,
512 3200 570 3266 sed
582 3200 689 3282 ratio;
708 3221 795 3285 quae
810 3198 903 3264 enim
915 3199 1075 3281 audiunt,
1094 3198 1248 3283 audiunt,
1261 3222 1348 3286 quae
1364 3199 1496 3283 vident,

359 3326 490 3409 vident,
512 3332 628 3392 tamen
648 3325 739 3412 qnod
755 3327 894 3391 interno
915 3347 1090 3412 sensuper
1105 3326 1253 3413 speciem
1265 3326 1499 3413 phantasiabi-

359 3453 426 3518 lem
454 3452 522 3518 illis
546 3452 719 3534 obiicitur,
753 3451 844 3517 idem
869 3473 1071 3538 personum
1102 3460 1296 3535 externum,
1321 3475 1382 3539 per
1401 3474 1499 3519 aures

359 3587 394 3647 et
417 3580 561 3648 sormam
588 3587 765 3647 externam
791 3603 852 3667 per
880 3580 995 3645 visum
1015 3579 1185 3665 ingestam
1210 3603 1245 3646 se
1268 3580 1384 3645 videre
1408 3579 1498 3645 arbi·

359 3714 506 3790 trantur,
527 3716 562 3773 et
581 3706 793 3773 intentiones
817 3729 977 3772 sensuum
999 3707 1215 3773 internorum
1243 3728 1296 3771 res
1316 3706 1407 3793 ipsas
1427 3728 1499 3772 esse

294 3839 337 3904 25
358 3840 547 3900 autumant.
567 3831 622 3898 Ita
644 3832 770 3898 accidit
790 3840 828 3898 ut
846 3855 889 3898 ne
910 3832 1049 3919 quidem
1070 3856 1089 3898 a
1113 3832 1415 3899 circumstantibus
1439 3853 1499 3898 no·

359 3958 425 4023 lint
454 3957 498 4024 ad
526 3959 698 4025 saniorem
721 3980 859 4025 sensum
886 3959 1054 4044 revocari,
1085 3982 1170 4045 quos
1200 3958 1315 4048 potius
1350 3959 1394 4024 ad
1422 3981 1498 4046 pro·

450 4232 463 4280 1
486 4230 647 4299 phantasia]
674 4231 882 4296 imaginatione
901 4232 933 4282 Μ
939 4237 945 4268 ¹
1026 4236 1041 4285 2
1067 4233 1166 4302 Cuius]
1193 4248 1330 4298 reproacr.
1354 4232 1498 4282 caracelloto

359 4312 447 4362 Extra
463 4311 499 4375 (1)
522 4312 554 4363 Μ
614 4314 691 4363 9νοί
715 4315 748 4365 0:
773 4319 802 4364 ot
823 4315 855 4366 M
918 4317 949 4366 12
966 4313 1129 4368 immediatb
1154 4316 1207 4369 CM
1269 4316 1299 4364 13
1315 4316 1376 4378 agit
1400 4314 1434 4364 0:
1456 4327 1499 4363 sa·

357 4391 494 4455 gitlllll
556 4394 587 4443 19
603 4394 790 4447 audivissat'
851 4397 1046 4462 ‘reingerium
1066 4400 1088 4448 {J
1148 4395 1499 4458 20261101int0ef0r⁸e

359 4488 429 4524 corr.
443 4472 486 4524 M:
503 4473 604 4526 malint
618 4475 650 4525 M
656 4479 676 4526 ¹:
692 4477 708 4527 l.
726 4478 818 4528 velint

489 4569 565 4610 Banna
581 4571 635 4620 Opp.
650 4573 690 4611 lar.
707 4572 749 4611 111.
1314 4572 1338 4612 tl
