<?xml version="1.0" encoding="UTF-8"?>
<!DOCTYPE html PUBLIC "-//W3C//DTD XHTML 1.0 Transitional//EN"
    "http://www.w3.org/TR/xhtml1/DTD/xhtml1-transitional.dtd">
<html xmlns="http://www.w3.org/1999/xhtml" xml:lang="en" lang="en">
 <head>
  <title>
</title>
<meta http-equiv="Content-Type" content="text/html;charset=utf-8" />
  <meta name='ocr-system' content='tesseract 3.04.00' />
  <meta name='ocr-capabilities' content='ocr_page ocr_carea ocr_par ocr_line ocrx_word'/>
</head>
<body>
  <div class='ocr_page' id='page_1' title='image "./jordanibruninol05brungoog_0747.png"; bbox 0 0 3488 5108; ppageno 0'>
   <div class='ocr_carea' id='block_1_1' title="bbox 427 382 1130 440">
    <p class='ocr_par' dir='ltr' id='par_1_1' title="bbox 427 382 1130 440">
     <span class='ocr_line' id='line_1_1' title="bbox 427 382 1130 440; baseline -0.006 0"><span class='ocrx_word' id='word_1_1' title='bbox 427 382 487 440; x_wconf 76' lang='lat'>680</span> <span class='ocrx_word' id='word_1_2' title='bbox 868 394 1009 438; x_wconf 67' lang='lat' dir='ltr'>munim</span> <span class='ocrx_word' id='word_1_3' title='bbox 1029 394 1130 438; x_wconf 77' lang='lat' dir='ltr'>scvm</span> 
     </span>
    </p>
   </div>
   <div class='ocr_carea' id='block_1_2' title="bbox 382 549 1593 1140">
    <p class='ocr_par' dir='ltr' id='par_1_2' title="bbox 382 549 1593 1140">
     <span class='ocr_line' id='line_1_2' title="bbox 427 549 1593 638; baseline -0.003 -21"><span class='ocrx_word' id='word_1_4' title='bbox 427 557 591 634; x_wconf 80' lang='lat' dir='ltr'>mentum,</span> <span class='ocrx_word' id='word_1_5' title='bbox 609 552 690 638; x_wconf 84' lang='lat' dir='ltr'>[qui]</span> <span class='ocrx_word' id='word_1_6' title='bbox 708 550 879 616; x_wconf 88' lang='lat' dir='ltr'>rationem</span> <span class='ocrx_word' id='word_1_7' title='bbox 896 551 1035 634; x_wconf 85' lang='lat' dir='ltr'>amoris,</span> <span class='ocrx_word' id='word_1_8' title='bbox 1053 550 1114 637; x_wconf 91' lang='lat' dir='ltr'>qui</span> <span class='ocrx_word' id='word_1_9' title='bbox 1131 550 1174 616; x_wconf 87' lang='lat' dir='ltr'>ab</span> <span class='ocrx_word' id='word_1_10' title='bbox 1188 558 1329 637; x_wconf 85' lang='lat' dir='ltr'>aspectu</span> <span class='ocrx_word' id='word_1_11' title='bbox 1345 549 1488 637; x_wconf 88' lang='lat' dir='ltr'><strong>pulchri</strong></span> <span class='ocrx_word' id='word_1_12' title='bbox 1505 572 1593 636; x_wconf 87' lang='lat' dir='ltr'>sup·</span> 
     </span>
     <span class='ocr_line' id='line_1_3' title="bbox 426 674 1591 764; baseline -0.003 -22"><span class='ocrx_word' id='word_1_13' title='bbox 426 677 532 764; x_wconf 86' lang='lat' dir='ltr'>positi</span> <span class='ocrx_word' id='word_1_14' title='bbox 551 677 720 760; x_wconf 82' lang='lat' dir='ltr'>exoritur,</span> <span class='ocrx_word' id='word_1_15' title='bbox 741 701 813 742; x_wconf 89' lang='lat' dir='ltr'>esse</span> <span class='ocrx_word' id='word_1_16' title='bbox 834 677 969 742; x_wconf 87' lang='lat' dir='ltr'>animae</span> <span class='ocrx_word' id='word_1_17' title='bbox 989 675 1161 762; x_wconf 86' lang='lat' dir='ltr'>quandam</span> <span class='ocrx_word' id='word_1_18' title='bbox 1186 676 1462 741; x_wconf 82' lang='lat' dir='ltr'>recordationem</span> <span class='ocrx_word' id='word_1_19' title='bbox 1494 674 1591 739; x_wconf 83' lang='lat' dir='ltr'>divi-</span> 
     </span>
     <span class='ocr_line' id='line_1_4' title="bbox 425 799 1590 890; baseline -0.003 -22"><span class='ocrx_word' id='word_1_20' title='bbox 425 826 491 868; x_wconf 86' lang='lat' dir='ltr'>nae</span> <span class='ocrx_word' id='word_1_21' title='bbox 517 802 800 890; x_wconf 75' lang='lat' dir='ltr'><strong>pulchritudinis,</strong></span> <span class='ocrx_word' id='word_1_22' title='bbox 831 824 935 886; x_wconf 85' lang='lat' dir='ltr'>quam</span> <span class='ocrx_word' id='word_1_23' title='bbox 964 808 1165 889; x_wconf 75' lang='lat' dir='ltr'>perceperat</span> <span class='ocrx_word' id='word_1_24' title='bbox 1192 801 1395 888; x_wconf 80' lang='lat' dir='ltr'><strong>priusquam</strong></span> <span class='ocrx_word' id='word_1_25' title='bbox 1421 799 1590 888; x_wconf 86' lang='lat' dir='ltr'>corporis</span> 
     </span>
     <span class='ocr_line' id='line_1_5' title="bbox 426 925 1588 1015; baseline -0.003 -22"><span class='ocrx_word' id='word_1_26' title='bbox 426 927 652 994; x_wconf 84' lang='lat' dir='ltr'>contubernio</span> <span class='ocrx_word' id='word_1_27' title='bbox 683 928 903 1015; x_wconf 75' lang='lat' dir='ltr'>reciperetur.</span> <span class='ocrx_word' id='word_1_28' title='bbox 936 926 1035 1004; x_wconf 78' lang='lat' dir='ltr'>Quod</span> <span class='ocrx_word' id='word_1_29' title='bbox 1063 927 1092 992; x_wconf 89' lang='lat' dir='ltr'>si</span> <span class='ocrx_word' id='word_1_30' title='bbox 1119 948 1240 992; x_wconf 84' lang='lat' dir='ltr'>verum</span> <span class='ocrx_word' id='word_1_31' title='bbox 1270 933 1371 1008; x_wconf 86' lang='lat' dir='ltr'>esset,</span> <span class='ocrx_word' id='word_1_32' title='bbox 1404 925 1492 1011; x_wconf 90' lang='lat' dir='ltr'>quid</span> <span class='ocrx_word' id='word_1_33' title='bbox 1527 935 1588 991; x_wconf 83' lang='lat' dir='ltr'>est</span> 
     </span>
     <span class='ocr_line' id='line_1_6' title="bbox 382 1051 1586 1140; baseline -0.003 -19"><span class='ocrx_word' id='word_1_34' title='bbox 382 1053 518 1138; x_wconf 77' lang='lat' dir='ltr'><strong>bqnod</strong></span> <span class='ocrx_word' id='word_1_35' title='bbox 544 1060 685 1140; x_wconf 84' lang='lat' dir='ltr'>repente</span> <span class='ocrx_word' id='word_1_36' title='bbox 714 1053 758 1119; x_wconf 87' lang='lat' dir='ltr'>ad</span> <span class='ocrx_word' id='word_1_37' title='bbox 788 1053 1066 1139; x_wconf 82' lang='lat' dir='ltr'><strong>indignationem</strong></span> <span class='ocrx_word' id='word_1_38' title='bbox 1096 1051 1230 1118; x_wconf 88' lang='lat' dir='ltr'>obiecto</span> <span class='ocrx_word' id='word_1_39' title='bbox 1250 1051 1360 1117; x_wconf 87' lang='lat' dir='ltr'>nihilo</span> <span class='ocrx_word' id='word_1_40' title='bbox 1384 1051 1586 1118; x_wconf 88' lang='lat' dir='ltr'>secundnm</span> 
     </span>
    </p>
   </div>
   <div class='ocr_carea' id='block_1_3' title="bbox 426 1176 1586 1264">
    <p class='ocr_par' dir='ltr' id='par_1_3' title="bbox 426 1176 1586 1264">
     <span class='ocr_line' id='line_1_7' title="bbox 426 1176 1586 1264; baseline -0.002 -20"><span class='ocrx_word' id='word_1_41' title='bbox 426 1201 502 1244; x_wconf 90' lang='lat' dir='ltr'>eam</span> <span class='ocrx_word' id='word_1_42' title='bbox 521 1179 669 1264; x_wconf 87' lang='lat' dir='ltr'>speciem</span> <span class='ocrx_word' id='word_1_43' title='bbox 689 1185 823 1244; x_wconf 86' lang='lat' dir='ltr'>mutato</span> <span class='ocrx_word' id='word_1_44' title='bbox 841 1178 995 1243; x_wconf 89' lang='lat' dir='ltr'>animum</span> <span class='ocrx_word' id='word_1_45' title='bbox 1015 1178 1210 1244; x_wconf 82' lang='lat' dir='ltr'>convertit?</span> <span class='ocrx_word' id='word_1_46' title='bbox 1230 1177 1300 1243; x_wconf 82' lang='lat' dir='ltr'>Gur</span> <span class='ocrx_word' id='word_1_47' title='bbox 1319 1176 1448 1244; x_wconf 80' lang='lat' dir='ltr'>diversi</span> <span class='ocrx_word' id='word_1_48' title='bbox 1466 1177 1586 1243; x_wconf 88' lang='lat' dir='ltr'>animi</span> 
     </span>
    </p>
   </div>
   <div class='ocr_carea' id='block_1_4' title="bbox 425 1303 1587 1640">
    <p class='ocr_par' dir='ltr' id='par_1_4' title="bbox 425 1303 1587 1640">
     <span class='ocr_line' id='line_1_8' title="bbox 426 1303 1585 1391; baseline -0.002 -22"><span class='ocrx_word' id='word_1_49' title='bbox 426 1304 570 1369; x_wconf 88' lang='lat' dir='ltr'>diversis</span> <span class='ocrx_word' id='word_1_50' title='bbox 589 1304 700 1390; x_wconf 85' lang='lat' dir='ltr'>magis</span> <span class='ocrx_word' id='word_1_51' title='bbox 719 1304 905 1390; x_wconf 88' lang='lat' dir='ltr'>rapiuntur</span> <span class='ocrx_word' id='word_1_52' title='bbox 921 1304 1086 1370; x_wconf 81' lang='lat' dir='ltr'>obiectis?</span> <span class='ocrx_word' id='word_1_53' title='bbox 1101 1304 1172 1368; x_wconf 87' lang='lat' dir='ltr'>Cur</span> <span class='ocrx_word' id='word_1_54' title='bbox 1188 1303 1280 1391; x_wconf 88' lang='lat' dir='ltr'>quod</span> <span class='ocrx_word' id='word_1_55' title='bbox 1297 1304 1357 1370; x_wconf 89' lang='lat' dir='ltr'>uni</span> <span class='ocrx_word' id='word_1_56' title='bbox 1372 1310 1425 1369; x_wconf 91' lang='lat' dir='ltr'>est</span> <span class='ocrx_word' id='word_1_57' title='bbox 1441 1325 1585 1369; x_wconf 89' lang='lat' dir='ltr'>summe</span> 
     </span>
     <span class='ocr_line' id='line_1_9' title="bbox 425 1427 1587 1517; baseline -0.003 -22"><span class='ocrx_word' id='word_1_58' title='bbox 425 1429 620 1517; x_wconf 89' lang='lat' dir='ltr'>pulchrum,</span> <span class='ocrx_word' id='word_1_59' title='bbox 637 1451 706 1495; x_wconf 91' lang='lat' dir='ltr'>non</span> <span class='ocrx_word' id='word_1_60' title='bbox 724 1430 838 1494; x_wconf 86' lang='lat' dir='ltr'>minus</span> <span class='ocrx_word' id='word_1_61' title='bbox 858 1436 980 1516; x_wconf 84' lang='lat' dir='ltr'>vegeto</span> <span class='ocrx_word' id='word_1_62' title='bbox 1000 1429 1141 1514; x_wconf 87' lang='lat' dir='ltr'>ingenio</span> <span class='ocrx_word' id='word_1_63' title='bbox 1161 1428 1201 1493; x_wconf 92' lang='lat' dir='ltr'>fit</span> <span class='ocrx_word' id='word_1_64' title='bbox 1221 1428 1327 1494; x_wconf 85' lang='lat' dir='ltr'>etiarn</span> <span class='ocrx_word' id='word_1_65' title='bbox 1346 1429 1472 1515; x_wconf 73' lang='lat' dir='ltr'>turpe?</span> <span class='ocrx_word' id='word_1_66' title='bbox 1494 1427 1587 1492; x_wconf 85' lang='lat' dir='ltr'>Vin·</span> 
     </span>
     <span class='ocr_line' id='line_1_10' title="bbox 427 1552 1585 1640; baseline -0.003 -20"><span class='ocrx_word' id='word_1_67' title='bbox 427 1554 582 1620; x_wconf 88' lang='lat' dir='ltr'>cibilium</span> <span class='ocrx_word' id='word_1_68' title='bbox 602 1576 683 1640; x_wconf 80' lang='lat' dir='ltr'>ergo</span> <span class='ocrx_word' id='word_1_69' title='bbox 703 1554 857 1619; x_wconf 89' lang='lat' dir='ltr'>conditio</span> <span class='ocrx_word' id='word_1_70' title='bbox 876 1577 946 1620; x_wconf 91' lang='lat' dir='ltr'>non</span> <span class='ocrx_word' id='word_1_71' title='bbox 963 1554 1086 1620; x_wconf 84' lang='lat' dir='ltr'>leviter</span> <span class='ocrx_word' id='word_1_72' title='bbox 1102 1576 1215 1639; x_wconf 91' lang='lat' dir='ltr'>neque</span> <span class='ocrx_word' id='word_1_73' title='bbox 1232 1552 1365 1619; x_wconf 87' lang='lat' dir='ltr'>modica</span> <span class='ocrx_word' id='word_1_74' title='bbox 1384 1554 1444 1618; x_wconf 88' lang='lat' dir='ltr'>fiet</span> <span class='ocrx_word' id='word_1_75' title='bbox 1462 1552 1585 1618; x_wconf 88' lang='lat' dir='ltr'>obser-</span> 
     </span>
    </p>
   </div>
   <div class='ocr_carea' id='block_1_5' title="bbox 363 1681 1216 1969">
    <p class='ocr_par' dir='ltr' id='par_1_5' title="bbox 363 1681 1216 1969">
     <span class='ocr_line' id='line_1_11' title="bbox 363 1681 714 1766; baseline 0 -22"><span class='ocrx_word' id='word_1_76' title='bbox 363 1699 404 1761; x_wconf 82' lang='lat'>10</span> <span class='ocrx_word' id='word_1_77' title='bbox 426 1681 565 1754; x_wconf 89' lang='lat' dir='ltr'>vatione</span> <span class='ocrx_word' id='word_1_78' title='bbox 586 1681 714 1766; x_wconf 91' lang='lat' dir='ltr'>pervia.</span> 
     </span>
     <span class='ocr_line' id='line_1_12' title="bbox 779 1927 1216 1969; baseline 0.005 -2"><span class='ocrx_word' id='word_1_79' title='bbox 779 1927 925 1967; x_wconf 84' lang='lat' dir='ltr'>Vlncibillmn</span> <span class='ocrx_word' id='word_1_80' title='bbox 943 1927 1053 1968; x_wconf 81' lang='lat' dir='ltr'>definitio.</span> <span class='ocrx_word' id='word_1_81' title='bbox 1068 1928 1119 1968; x_wconf 81' lang='lat' dir='ltr'>Art.</span> <span class='ocrx_word' id='word_1_82' title='bbox 1135 1928 1216 1969; x_wconf 77' lang='lat' dir='ltr'>xxlv.</span> 
     </span>
    </p>
   </div>
   <div class='ocr_carea' id='block_1_6' title="bbox 360 2124 1581 2842">
    <p class='ocr_par' dir='ltr' id='par_1_6' title="bbox 423 2124 1581 2462">
     <span class='ocr_line' id='line_1_13' title="bbox 516 2124 1581 2212; baseline -0.002 -21"><span class='ocrx_word' id='word_1_83' title='bbox 516 2126 570 2191; x_wconf 89' lang='lat' dir='ltr'>Ad</span> <span class='ocrx_word' id='word_1_84' title='bbox 589 2148 724 2208; x_wconf 84' lang='lat' dir='ltr'>casum,</span> <span class='ocrx_word' id='word_1_85' title='bbox 746 2126 923 2191; x_wconf 86' lang='lat' dir='ltr'>fortunam</span> <span class='ocrx_word' id='word_1_86' title='bbox 943 2133 977 2191; x_wconf 91' lang='lat' dir='ltr'>et</span> <span class='ocrx_word' id='word_1_87' title='bbox 1007 2125 1228 2191; x_wconf 86' lang='lat' dir='ltr'>indefinitum</span> <span class='ocrx_word' id='word_1_88' title='bbox 1257 2124 1421 2212; x_wconf 84' lang='lat' dir='ltr'><strong>quiddam</strong></span> <span class='ocrx_word' id='word_1_89' title='bbox 1451 2125 1581 2190; x_wconf 90' lang='lat' dir='ltr'>retulit</span> 
     </span>
     <span class='ocr_line' id='line_1_14' title="bbox 424 2249 1579 2338; baseline -0.001 -23"><span class='ocrx_word' id='word_1_90' title='bbox 424 2250 626 2317; x_wconf 78' lang='lat' dir='ltr'>Theocritus</span> <span class='ocrx_word' id='word_1_91' title='bbox 650 2274 800 2316; x_wconf 87' lang='lat' dir='ltr'>amorem</span> <span class='ocrx_word' id='word_1_92' title='bbox 825 2261 859 2315; x_wconf 92' lang='lat' dir='ltr'>et</span> <span class='ocrx_word' id='word_1_93' title='bbox 890 2252 975 2317; x_wconf 87' lang='lat' dir='ltr'>alios</span> <span class='ocrx_word' id='word_1_94' title='bbox 1005 2252 1162 2335; x_wconf 84' lang='lat' dir='ltr'>affectus,</span> <span class='ocrx_word' id='word_1_95' title='bbox 1192 2251 1318 2337; x_wconf 87' lang='lat' dir='ltr'>quibus</span> <span class='ocrx_word' id='word_1_96' title='bbox 1346 2249 1579 2338; x_wconf 81' lang='lat' dir='ltr'>particularia</span> 
     </span>
     <span class='ocr_line' id='line_1_15' title="bbox 423 2375 1577 2462; baseline -0.002 -20"><span class='ocrx_word' id='word_1_97' title='bbox 423 2377 635 2459; x_wconf 89' lang='lat' dir='ltr'>vinciantur;</span> <span class='ocrx_word' id='word_1_98' title='bbox 649 2377 708 2442; x_wconf 89' lang='lat' dir='ltr'>sed</span> <span class='ocrx_word' id='word_1_99' title='bbox 720 2377 925 2462; x_wconf 80' lang='lat' dir='ltr'>castigatius</span> <span class='ocrx_word' id='word_1_100' title='bbox 945 2377 1107 2443; x_wconf 84' lang='lat' dir='ltr'>sensisset</span> <span class='ocrx_word' id='word_1_101' title='bbox 1123 2375 1353 2443; x_wconf 85' lang='lat' dir='ltr'>existimando</span> <span class='ocrx_word' id='word_1_102' title='bbox 1373 2383 1408 2442; x_wconf 91' lang='lat' dir='ltr'>et</span> <span class='ocrx_word' id='word_1_103' title='bbox 1423 2375 1577 2441; x_wconf 89' lang='lat' dir='ltr'>dicendo</span> 
     </span>
    </p>

    <p class='ocr_par' dir='ltr' id='par_1_7' title="bbox 360 2500 1577 2842">
     <span class='ocr_line' id='line_1_16' title="bbox 360 2500 1577 2588; baseline -0.006 -15"><span class='ocrx_word' id='word_1_104' title='bbox 360 2510 400 2573; x_wconf 80' lang='lat'>15</span> <span class='ocrx_word' id='word_1_105' title='bbox 423 2500 610 2568; x_wconf 76' lang='lat' dir='ltr'>‘occultum</span> <span class='ocrx_word' id='word_1_106' title='bbox 633 2509 667 2567; x_wconf 86' lang='lat' dir='ltr'>et</span> <span class='ocrx_word' id='word_1_107' title='bbox 686 2501 967 2568; x_wconf 84' lang='lat' dir='ltr'>determinatum&#39;</span> <span class='ocrx_word' id='word_1_108' title='bbox 992 2504 1094 2587; x_wconf 85' lang='lat' dir='ltr'>illud,</span> <span class='ocrx_word' id='word_1_109' title='bbox 1121 2503 1212 2588; x_wconf 90' lang='lat' dir='ltr'>quod</span> <span class='ocrx_word' id='word_1_110' title='bbox 1235 2501 1487 2568; x_wconf 69' lang='lat' dir='ltr'>‘indefinitum’</span> <span class='ocrx_word' id='word_1_111' title='bbox 1512 2523 1577 2587; x_wconf 84' lang='lat' dir='ltr'>ap-</span> 
     </span>
     <span class='ocr_line' id='line_1_17' title="bbox 423 2619 1574 2715; baseline -0.003 -22"><span class='ocrx_word' id='word_1_112' title='bbox 423 2628 567 2715; x_wconf 87' lang='lat' dir='ltr'>pellavit</span> <span class='ocrx_word' id='word_1_113' title='bbox 598 2629 678 2713; x_wconf 86' lang='lat' dir='ltr'>qnia</span> <span class='ocrx_word' id='word_1_114' title='bbox 709 2649 779 2692; x_wconf 93' lang='lat' dir='ltr'>non</span> <span class='ocrx_word' id='word_1_115' title='bbox 810 2619 999 2715; x_wconf 52' lang='lat' dir='ltr'>apertum¹</span> <span class='ocrx_word' id='word_1_116' title='bbox 1018 2652 1039 2694; x_wconf 87' lang='lat' dir='ltr'>a</span> <span class='ocrx_word' id='word_1_117' title='bbox 1064 2628 1295 2694; x_wconf 87' lang='lat' dir='ltr'>determinata</span> <span class='ocrx_word' id='word_1_118' title='bbox 1326 2649 1449 2715; x_wconf 89' lang='lat' dir='ltr'>nempe</span> <span class='ocrx_word' id='word_1_119' title='bbox 1480 2648 1574 2691; x_wconf 90' lang='lat' dir='ltr'>com·</span> 
     </span>
     <span class='ocr_line' id='line_1_18' title="bbox 423 2754 1575 2842; baseline -0.004 -20"><span class='ocrx_word' id='word_1_120' title='bbox 423 2756 593 2842; x_wconf 85' lang='lat' dir='ltr'>plexionis</span> <span class='ocrx_word' id='word_1_121' title='bbox 613 2755 759 2835; x_wconf 84' lang='lat' dir='ltr'>ratione,</span> <span class='ocrx_word' id='word_1_122' title='bbox 782 2778 885 2839; x_wconf 86' lang='lat' dir='ltr'>qnam</span> <span class='ocrx_word' id='word_1_123' title='bbox 910 2756 964 2821; x_wconf 91' lang='lat' dir='ltr'>vel</span> <span class='ocrx_word' id='word_1_124' title='bbox 984 2763 1109 2821; x_wconf 85' lang='lat' dir='ltr'>natura</span> <span class='ocrx_word' id='word_1_125' title='bbox 1123 2754 1255 2841; x_wconf 85' lang='lat' dir='ltr'>&#39;largita</span> <span class='ocrx_word' id='word_1_126' title='bbox 1275 2762 1339 2838; x_wconf 86' lang='lat' dir='ltr'>est,</span> <span class='ocrx_word' id='word_1_127' title='bbox 1360 2754 1415 2820; x_wconf 87' lang='lat' dir='ltr'>vel</span> <span class='ocrx_word' id='word_1_128' title='bbox 1434 2776 1517 2820; x_wconf 84' lang='lat' dir='ltr'>usus</span> <span class='ocrx_word' id='word_1_129' title='bbox 1536 2761 1575 2818; x_wconf 86' lang='lat' dir='ltr'>ot</span> 
     </span>
    </p>
   </div>
   <div class='ocr_carea' id='block_1_7' title="bbox 424 2880 796 2946">
    <p class='ocr_par' dir='ltr' id='par_1_8' title="bbox 424 2880 796 2946">
     <span class='ocr_line' id='line_1_19' title="bbox 424 2880 796 2946; baseline -0.005 -1"><span class='ocrx_word' id='word_1_130' title='bbox 424 2881 634 2946; x_wconf 88' lang='lat' dir='ltr'>consuetudo</span> <span class='ocrx_word' id='word_1_131' title='bbox 654 2880 796 2945; x_wconf 84' lang='lat' dir='ltr'>invexit.</span> 
     </span>
    </p>
   </div>
   <div class='ocr_carea' id='block_1_8' title="bbox 795 3119 1194 3159">
    <p class='ocr_par' dir='ltr' id='par_1_9' title="bbox 795 3119 1194 3159">
     <span class='ocr_line' id='line_1_20' title="bbox 795 3119 1194 3159; baseline -0.003 0"><span class='ocrx_word' id='word_1_132' title='bbox 795 3120 940 3159; x_wconf 85' lang='lat' dir='ltr'>Vlncibilium</span> <span class='ocrx_word' id='word_1_133' title='bbox 956 3131 1042 3159; x_wconf 69' lang='lat' dir='ltr'>seusus.</span> <span class='ocrx_word' id='word_1_134' title='bbox 1059 3119 1109 3158; x_wconf 79' lang='lat' dir='ltr'>Art.</span> <span class='ocrx_word' id='word_1_135' title='bbox 1126 3120 1194 3158; x_wconf 78' lang='lat' dir='ltr'>XXV.</span> 
     </span>
    </p>
   </div>
   <div class='ocr_carea' id='block_1_9' title="bbox 355 3314 1571 4280">
    <p class='ocr_par' dir='ltr' id='par_1_10' title="bbox 356 3314 1571 3906">
     <span class='ocr_line' id='line_1_21' title="bbox 356 3314 1571 3400; baseline -0.005 -15"><span class='ocrx_word' id='word_1_136' title='bbox 356 3324 400 3385; x_wconf 77' lang='lat'>‘20</span> <span class='ocrx_word' id='word_1_137' title='bbox 513 3319 641 3383; x_wconf 77' lang='lat' dir='ltr'>Achaei</span> <span class='ocrx_word' id='word_1_138' title='bbox 658 3340 727 3382; x_wconf 88' lang='lat' dir='ltr'>non</span> <span class='ocrx_word' id='word_1_139' title='bbox 741 3317 784 3381; x_wconf 86' lang='lat' dir='ltr'>ad</span> <span class='ocrx_word' id='word_1_140' title='bbox 796 3317 967 3381; x_wconf 85' lang='lat' dir='ltr'>rationem</span> <span class='ocrx_word' id='word_1_141' title='bbox 980 3340 1038 3381; x_wconf 85' lang='lat' dir='ltr'>seu</span> <span class='ocrx_word' id='word_1_142' title='bbox 1052 3315 1263 3400; x_wconf 81' lang='lat' dir='ltr'>cognitionis</span> <span class='ocrx_word' id='word_1_143' title='bbox 1280 3316 1436 3400; x_wconf 83' lang='lat' dir='ltr'>speciem,</span> <span class='ocrx_word' id='word_1_144' title='bbox 1450 3314 1510 3378; x_wconf 87' lang='lat' dir='ltr'>sed</span> <span class='ocrx_word' id='word_1_145' title='bbox 1524 3315 1571 3379; x_wconf 64' lang='lat' dir='ltr'>nil</span> 
     </span>
     <span class='ocr_line' id='line_1_22' title="bbox 421 3439 1570 3526; baseline -0.006 -16"><span class='ocrx_word' id='word_1_146' title='bbox 421 3449 596 3511; x_wconf 79' lang='lat' dir='ltr'>fortuna-m</span> <span class='ocrx_word' id='word_1_147' title='bbox 617 3442 935 3526; x_wconf 75' lang='lat' dir='ltr'>1·elerobant,quod</span> <span class='ocrx_word' id='word_1_148' title='bbox 955 3441 1088 3525; x_wconf 83' lang='lat' dir='ltr'>aliquid</span> <span class='ocrx_word' id='word_1_149' title='bbox 1110 3462 1225 3505; x_wconf 84' lang='lat' dir='ltr'>amore</span> <span class='ocrx_word' id='word_1_150' title='bbox 1244 3441 1298 3505; x_wconf 84' lang='lat' dir='ltr'>vel</span> <span class='ocrx_word' id='word_1_151' title='bbox 1318 3439 1395 3504; x_wconf 86' lang='lat' dir='ltr'>odio</span> <span class='ocrx_word' id='word_1_152' title='bbox 1416 3440 1472 3504; x_wconf 87' lang='lat' dir='ltr'>vel</span> <span class='ocrx_word' id='word_1_153' title='bbox 1490 3440 1570 3504; x_wconf 81' lang='lat' dir='ltr'>aliis</span> 
     </span>
     <span class='ocr_line' id='line_1_23' title="bbox 422 3565 1570 3650; baseline -0.004 -16"><span class='ocrx_word' id='word_1_154' title='bbox 422 3571 603 3635; x_wconf 79' lang='lat' dir='ltr'>affectibus</span> <span class='ocrx_word' id='word_1_155' title='bbox 634 3570 843 3650; x_wconf 75' lang='lat' dir='ltr'>vinciretur3</span> <span class='ocrx_word' id='word_1_156' title='bbox 869 3567 958 3632; x_wconf 87' lang='lat' dir='ltr'>undo</span> <span class='ocrx_word' id='word_1_157' title='bbox 988 3566 1026 3629; x_wconf 89' lang='lat' dir='ltr'>in</span> <span class='ocrx_word' id='word_1_158' title='bbox 1053 3565 1172 3631; x_wconf 84' lang='lat' dir='ltr'>eadem</span> <span class='ocrx_word' id='word_1_159' title='bbox 1197 3589 1256 3631; x_wconf 85' lang='lat' dir='ltr'>ara</span> <span class='ocrx_word' id='word_1_160' title='bbox 1276 3567 1435 3630; x_wconf 77' lang='lat' dir='ltr'>Amorem</span> <span class='ocrx_word' id='word_1_161' title='bbox 1462 3571 1570 3649; x_wconf 83' lang='lat' dir='ltr'>etque</span> 
     </span>
     <span class='ocr_line' id='line_1_24' title="bbox 421 3690 1570 3777; baseline -0.005 -17"><span class='ocrx_word' id='word_1_162' title='bbox 421 3698 611 3760; x_wconf 79' lang='lat' dir='ltr'>Fortunam</span> <span class='ocrx_word' id='word_1_163' title='bbox 645 3695 812 3758; x_wconf 86' lang='lat' dir='ltr'>colebant.</span> <span class='ocrx_word' id='word_1_164' title='bbox 845 3693 909 3757; x_wconf 84' lang='lat' dir='ltr'>Oui</span> <span class='ocrx_word' id='word_1_165' title='bbox 944 3691 1072 3756; x_wconf 85' lang='lat' dir='ltr'>iudicio</span> <span class='ocrx_word' id='word_1_166' title='bbox 1111 3690 1370 3777; x_wconf 80' lang='lat' dir='ltr'>adstipulantur</span> <span class='ocrx_word' id='word_1_167' title='bbox 1393 3690 1570 3755; x_wconf 81' lang='lat' dir='ltr'>Platonici</span> 
     </span>
     <span class='ocr_line' id='line_1_25' title="bbox 422 3817 1570 3906; baseline -0.003 -23"><span class='ocrx_word' id='word_1_168' title='bbox 422 3820 577 3906; x_wconf 70' lang='lat' dir='ltr'>quidcun,</span> <span class='ocrx_word' id='word_1_169' title='bbox 598 3820 673 3883; x_wconf 85' lang='lat' dir='ltr'>idco</span> <span class='ocrx_word' id='word_1_170' title='bbox 694 3818 845 3882; x_wconf 87' lang='lat' dir='ltr'>dicentes</span> <span class='ocrx_word' id='word_1_171' title='bbox 866 3817 1031 3881; x_wconf 88' lang='lat' dir='ltr'>animalia</span> <span class='ocrx_word' id='word_1_172' title='bbox 1061 3824 1158 3881; x_wconf 85' lang='lat' dir='ltr'>muta</span> <span class='ocrx_word' id='word_1_173' title='bbox 1190 3838 1260 3880; x_wconf 90' lang='lat' dir='ltr'>non</span> <span class='ocrx_word' id='word_1_174' title='bbox 1290 3837 1423 3902; x_wconf 86' lang='lat' dir='ltr'>semper</span> <span class='ocrx_word' id='word_1_175' title='bbox 1451 3838 1570 3880; x_wconf 84' lang='lat' dir='ltr'>amore</span> 
     </span>
    </p>

    <p class='ocr_par' dir='ltr' id='par_1_11' title="bbox 355 3931 1570 4280">
     <span class='ocr_line' id='line_1_26' title="bbox 355 3931 1570 4027; baseline -0.004 -18"><span class='ocrx_word' id='word_1_176' title='bbox 355 3958 399 4018; x_wconf 73' lang='lat'>25</span> <span class='ocrx_word' id='word_1_177' title='bbox 423 3944 562 4025; x_wconf 78' lang='lat' dir='ltr'>vinciri,</span> <span class='ocrx_word' id='word_1_178' title='bbox 585 3944 666 4027; x_wconf 78' lang='lat' dir='ltr'>quia</span> <span class='ocrx_word' id='word_1_179' title='bbox 689 3944 823 4007; x_wconf 81' lang='lat' dir='ltr'>ratione</span> <span class='ocrx_word' id='word_1_180' title='bbox 850 3949 968 4006; x_wconf 87' lang='lat' dir='ltr'>carent</span> <span class='ocrx_word' id='word_1_181' title='bbox 996 3948 1030 4004; x_wconf 88' lang='lat' dir='ltr'>et</span> <span class='ocrx_word' id='word_1_182' title='bbox 1057 3931 1256 4026; x_wconf 67' lang='lat' dir='ltr'>prudentias</span> <span class='ocrx_word' id='word_1_183' title='bbox 1281 3940 1348 4005; x_wconf 84' lang='lat' dir='ltr'>Sed</span> <span class='ocrx_word' id='word_1_184' title='bbox 1376 3940 1435 4004; x_wconf 86' lang='lat' dir='ltr'>isti</span> <span class='ocrx_word' id='word_1_185' title='bbox 1462 3940 1570 4004; x_wconf 78' lang='lat' dir='ltr'>nimis</span> 
     </span>
     <span class='ocr_line' id='line_1_27' title="bbox 422 4065 1569 4152; baseline -0.003 -18"><span class='ocrx_word' id='word_1_186' title='bbox 422 4094 531 4134; x_wconf 84' lang='lat' dir='ltr'>crasse</span> <span class='ocrx_word' id='word_1_187' title='bbox 551 4069 707 4133; x_wconf 86' lang='lat' dir='ltr'>sentiunt</span> <span class='ocrx_word' id='word_1_188' title='bbox 720 4068 761 4132; x_wconf 83' lang='lat' dir='ltr'>de</span> <span class='ocrx_word' id='word_1_189' title='bbox 774 4076 899 4131; x_wconf 87' lang='lat' dir='ltr'>natura</span> <span class='ocrx_word' id='word_1_190' title='bbox 915 4067 1124 4152; x_wconf 83' lang='lat' dir='ltr'>cognitionis</span> <span class='ocrx_word' id='word_1_191' title='bbox 1142 4074 1176 4131; x_wconf 90' lang='lat' dir='ltr'>et</span> <span class='ocrx_word' id='word_1_192' title='bbox 1190 4067 1395 4149; x_wconf 84' lang='lat' dir='ltr'>intellectus,</span> <span class='ocrx_word' id='word_1_193' title='bbox 1414 4065 1473 4152; x_wconf 89' lang='lat' dir='ltr'>qui</span> <span class='ocrx_word' id='word_1_194' title='bbox 1489 4089 1569 4130; x_wconf 85' lang='lat' dir='ltr'>cum</span> 
     </span>
     <span class='ocr_line' id='line_1_28' title="bbox 422 4191 1570 4280; baseline -0.003 -21"><span class='ocrx_word' id='word_1_195' title='bbox 422 4197 547 4280; x_wconf 86' lang='lat' dir='ltr'>spiritu</span> <span class='ocrx_word' id='word_1_196' title='bbox 566 4194 719 4259; x_wconf 85' lang='lat' dir='ltr'>universi</span> <span class='ocrx_word' id='word_1_197' title='bbox 739 4194 861 4279; x_wconf 86' lang='lat' dir='ltr'>implet</span> <span class='ocrx_word' id='word_1_198' title='bbox 885 4193 1002 4257; x_wconf 86' lang='lat' dir='ltr'>omnia</span> <span class='ocrx_word' id='word_1_199' title='bbox 1023 4201 1113 4257; x_wconf 85' lang='lat' dir='ltr'>etex</span> <span class='ocrx_word' id='word_1_200' title='bbox 1133 4192 1293 4257; x_wconf 86' lang='lat' dir='ltr'>omnibus</span> <span class='ocrx_word' id='word_1_201' title='bbox 1314 4213 1375 4278; x_wconf 92' lang='lat' dir='ltr'>pro</span> <span class='ocrx_word' id='word_1_202' title='bbox 1396 4191 1570 4277; x_wconf 89' lang='lat' dir='ltr'>suppositi</span> 
     </span>
    </p>
   </div>
   <div class='ocr_carea' id='block_1_10' title="bbox 514 4453 1439 4520">
    <p class='ocr_par' dir='ltr' id='par_1_12' title="bbox 514 4453 1439 4520">
     <span class='ocr_line' id='line_1_29' title="bbox 514 4453 1439 4520; baseline -0.001 -15"><span class='ocrx_word' id='word_1_203' title='bbox 514 4454 749 4505; x_wconf 74' lang='lat' dir='ltr'>lcorrcclliomoil</span> <span class='ocrx_word' id='word_1_204' title='bbox 758 4455 850 4519; x_wconf 80' lang='lat' dir='ltr'>primo</span> <span class='ocrx_word' id='word_1_205' title='bbox 864 4455 914 4520; x_wconf 87' lang='lat' dir='ltr'>qui</span> <span class='ocrx_word' id='word_1_206' title='bbox 978 4458 1008 4504; x_wconf 75' lang='lat'>12</span> <span class='ocrx_word' id='word_1_207' title='bbox 1022 4455 1192 4504; x_wconf 65' lang='lat' dir='ltr'>rettulitrll¹</span> <span class='ocrx_word' id='word_1_208' title='bbox 1256 4453 1439 4505; x_wconf 69' lang='lat' dir='ltr'>fflthoiM</span> 
     </span>
    </p>
   </div>
   <div class='ocr_carea' id='block_1_11' title="bbox 0 0 1748 5108">
    <p class='ocr_par' dir='ltr' id='par_1_13' title="bbox 0 0 1748 5108">
     <span class='ocr_line' id='line_1_30' title="bbox 0 0 1748 5108; baseline 0 9"><span class='ocrx_word' id='word_1_209' title='bbox 0 0 1748 5108; x_wconf 95' lang='lat' dir='ltr'> </span> 
     </span>
    </p>
   </div>
  </div>
 </body>
</html>
