3488 5108
304 380 364 440 598
743 397 883 444 rounam
905 399 1006 444 aavm

305 551 451 638 figuram
466 552 584 619 Artis
608 556 841 641 generalis,
862 580 985 644 nempe
1004 556 1111 622 trium
1127 555 1395 641 triangulorum,
1416 560 1460 618 ut

305 676 436 742 scilicet
455 678 708 746 consideremus
731 680 805 747 eius
834 681 1065 769 principium,
1086 680 1238 747 medium
1261 687 1297 745 et
1325 679 1458 759 finem,

304 800 368 867 hoc
387 809 439 868 est
458 826 478 869 a
497 827 565 890 qua
584 804 684 872 domo
703 828 764 872 seu
786 807 928 894 regione
952 805 1131 873 exordium
1154 812 1281 890 sumat,
1311 803 1376 870 ubi
1398 802 1460 869 vel

303 949 365 1013 per
382 951 486 1016 quam
501 930 673 1017 ascendat,
689 931 751 998 ubi
769 930 914 1013 desinat,
930 955 992 1019 per
1010 929 1200 998 secundum
1219 928 1458 1017 triangulum

260 1065 322 1127 ba
348 1083 367 1120 a
393 1084 412 1118 a
438 1054 658 1141 maioritatis,
676 1057 896 1142 aequalitatis
915 1065 949 1123 et
968 1052 1192 1140 minoritatis,
1208 1056 1246 1121 in
1261 1077 1329 1141 qua
1348 1053 1457 1120 domo

305 1205 365 1248 seu
382 1183 522 1269 regione
540 1182 753 1267 intendatur,
771 1183 951 1250 roboretur
967 1207 1028 1250 seu
1041 1183 1204 1250 maiorem
1222 1181 1349 1248 habeat
1367 1180 1456 1262 vim,

305 1306 343 1371 in
363 1329 430 1392 qua
449 1306 653 1373 mediocrem
671 1331 730 1374 seu
749 1315 940 1397 temperate
959 1308 1104 1392 hebeat,
1134 1310 1171 1376 in
1192 1330 1259 1394 qua
1278 1306 1459 1373 diminuta

307 1433 486 1515 consistat,
507 1433 590 1498 item
608 1457 671 1521 per
689 1434 797 1500 alium
816 1434 1034 1522 triangulum
1058 1434 1219 1514 viridem,
1240 1434 1301 1519 qui
1316 1433 1459 1520 primus

306 1569 359 1624 est
376 1560 413 1624 in
430 1559 559 1642 ordine,
575 1559 822 1626 considerando
847 1560 1087 1644 differentiam,
1112 1558 1394 1625 concordantiam
1418 1565 1459 1622 et

241 1688 284 1751 10
307 1684 600 1769 contrarietatem,
624 1684 688 1751 hoc
712 1694 763 1751 est
787 1686 825 1750 in
845 1685 970 1771 quibus
987 1684 1147 1751 domibus
1166 1706 1226 1750 seu
1249 1681 1458 1770 regionibus

307 1808 505 1875 differenter
523 1808 666 1895 habeat,
680 1810 718 1875 in
737 1811 862 1896 quibus
882 1811 1057 1895 similiter,
1073 1810 1251 1895 inquibus
1269 1807 1456 1891 contrarie,

307 1934 368 2000 ubi
386 1957 521 2020 quoque
544 1935 677 2001 easdem
702 1935 793 2001 vires
812 1943 976 2019 resumat,
994 1936 1057 2001 sub
1077 1935 1203 2022 quibus
1222 1932 1381 1999 terminis
1400 1955 1456 1997 re·

308 2068 476 2143 vertatur,
498 2061 622 2146 quibus
641 2062 746 2126 etiam
761 2062 974 2149 temporibus
995 2083 1039 2126 an
1055 2061 1260 2148 praeveniat
1274 2082 1320 2126 an
1337 2060 1460 2125 subse·

308 2195 435 2273 quatur
459 2186 560 2272 horas
587 2185 825 2273 praecedentis
855 2186 1084 2253 revolutionis
1111 2208 1172 2252 seu
1202 2185 1286 2268 diei,
1318 2192 1353 2251 et
1383 2185 1458 2250 alia

244 2321 285 2384 15
309 2336 397 2398 quae
415 2335 457 2378 ex
476 2311 621 2378 diversis
638 2310 776 2378 iudiciis
796 2317 830 2377 et
849 2313 1069 2395 coniecturis,
1094 2334 1179 2398 quas
1198 2311 1357 2376 indicant
1376 2316 1457 2376 tum

308 2438 480 2526 simplices
500 2437 668 2525 trianguli
687 2437 846 2520 termini,
866 2437 956 2504 siout
980 2436 1082 2504 modo
1105 2436 1372 2526 explicavimus,
1397 2435 1458 2502 vel

309 2563 504 2652 compositi,
521 2563 611 2629 sicut
627 2562 746 2630 multis
762 2563 872 2630 modis
887 2563 1094 2651 complicare
1113 2584 1307 2651 possumus,
1328 2584 1458 2648 nempe

310 2690 557 2758 considerando
576 2689 857 2756 concordantiam
875 2689 1041 2779 principii
1059 2689 1162 2756 unius
1181 2711 1259 2755 cum
1277 2687 1457 2775 principio

310 2818 451 2883 alterius
470 2816 612 2882 termini
635 2840 694 2882 seu
725 2816 875 2899 diaetae,
905 2817 960 2883 vel
988 2817 1199 2904 principium
1232 2839 1309 2882 curn
1339 2814 1457 2880 medio

244 2951 288 3012 ‘20
311 2944 366 3008 vol
396 2943 606 3029 principium
641 2965 718 3007 cnm
748 2943 829 3024 fine,
860 2942 942 3006 item
977 2943 1189 3030 principium
1218 2941 1455 3023 differentiae,

312 3069 521 3155 principium
542 3067 818 3150 convenientiae,
838 3067 1050 3154 principium
1067 3067 1336 3150 contrarietatis,
1352 3073 1387 3131 et
1403 3066 1458 3131 ita

312 3197 408 3261 iuxta
438 3195 590 3260 diversas
620 3193 862 3279 inquisitiones
893 3200 927 3257 et
956 3192 1084 3258 iudicia
1109 3194 1209 3258 aliter
1229 3200 1334 3277 atque
1352 3191 1459 3256 aliter

311 3324 408 3388 iuxta
433 3323 572 3387 Artem
602 3319 833 3407 generalem
858 3319 1066 3407 indagando.

402 3568 494 3628 Cuius
512 3567 682 3643 triangulus
703 3564 785 3624 CDB
810 3565 926 3623 habens
945 3563 1020 3622 duas
1044 3563 1140 3622 lineas
1169 3569 1310 3639 exparte
1333 3582 1457 3622 concor·

246 3671 289 3733 ‘25
312 3677 421 3737 dantes
439 3684 470 3737 et
487 3676 577 3734 aliam
595 3674 715 3734 omnino
732 3671 913 3748 discordem,
933 3690 1041 3749 nempe
1059 3671 1125 3729 DB.

402 3785 586 3861 Triangulus
607 3784 709 3843 virens
737 3781 829 3840 Lullii
855 3791 903 3840 est
919 3781 981 3839 1¹¹⁸:
1006 3779 1194 3855 differentia,
1223 3777 1455 3855 concordantia,

313 3894 521 3963 contrarietas
533 3893 582 3951 vel
597 3891 691 3962 ABG,
708 3890 879 3966 triangulus
894 3889 1005 3947 rubeus
1017 3888 1091 3946 11⁰³:
1106 3886 1295 3964 principium,
1308 3885 1453 3953 medium,

313 4004 397 4077 linia,
415 4002 587 4078 triangulus
605 4020 744 4059 croceus:
763 3999 933 4074 maioritas,
952 3997 1124 4072 minoritas,
1143 3994 1321 4070 aequalitas.

407 4305 607 4357 &indistincto
633 4322 689 4353 arna
719 4305 817 4351 lacerna
845 4305 909 4367 (prr
939 4319 973 4352 aa.
1005 4310 1072 4366 (per
1101 4302 1220 4349 tertium
1245 4299 1456 4364 triangulum)

315 4392 409 4440 150‘22
418 4391 445 4450 s.
462 4384 743 4438 indiciiscindicia?
804 4385 886 4433 *21:25
904 4382 930 4431 iu
949 4399 1036 4446 uturp.
1057 4386 1086 4446 (a
1104 4399 1131 4445 p.
1151 4380 1316 4445 597,1o)l1
1376 4381 1408 4428 2⁷)
1426 4389 1458 4431 et

315 4473 341 4523 al
358 4491 373 4520 a
388 4490 404 4519 a
420 4489 435 4518 a
451 4489 466 4518 a
481 4485 507 4519 m
522 4468 606 4518 aliam
621 4467 651 4516 M
657 4469 664 4501 ¹
728 4466 809 4514 26328
825 4463 854 4513 in
867 4481 952 4529 camp.
969 4466 997 4528 (a
1012 4481 1035 4514 υ.
1051 4464 1078 4527 ⁸)
1094 4463 1125 4512 M
