3488 5108
301 347 340 406 32
739 355 880 400 lorcam
900 353 1002 400 aaviu

209 540 212 547 ·
301 518 354 582 lae
371 516 534 581 tenebrae
553 518 739 579 occurrunt
758 511 813 577 vel
838 510 1078 595 obversantur,
1103 509 1162 576 sed
1186 509 1441 576 absolutissima
1477 545 1487 556 ·

301 650 353 707 est
377 640 420 706 ab
445 639 539 705 omni
559 637 804 705 contrarietate
823 644 858 701 et
877 634 1159 702 contradictione.
1180 635 1313 702 Ultimo
1332 634 1442 720 igitur

301 767 393 831 iuter
415 766 526 831 lucem
550 771 585 830 et
609 762 770 828 tenebras
793 761 876 827 licet
900 782 1059 827 occursus
1083 766 1186 848 atque
1214 759 1442 826 contrarietas

302 894 360 976 sit,
380 891 450 956 luci
468 891 536 973 illi,
557 911 644 975 quae
664 894 716 955 est
739 887 818 953 fons
834 887 946 953 omnis
962 886 1049 952 lucis
1069 893 1104 952 et
1121 909 1210 973 quae
1228 885 1314 952 facit
1332 885 1441 952 veluti

256 1016 276 1079 ὃ
300 1039 342 1080 ex
357 1015 466 1080 nihilo
482 1014 606 1097 lucem,
622 1011 861 1079 subcontrario
877 1011 1004 1077 dicitur
1019 1032 1040 1075 a
1055 1011 1261 1095 Platonicis,
1278 1032 1348 1076 non
1365 1033 1443 1076 con·

300 1138 421 1224 traria,
442 1146 562 1226 utpote
580 1138 708 1204 habeat
730 1135 985 1203 contrarietatis
1005 1135 1279 1218 similitudinem,
1300 1157 1370 1201 non
1388 1159 1445 1201 ve·

300 1264 455 1345 ritatem,
476 1263 651 1330 contraria
668 1263 761 1328 enim
777 1270 873 1345 sunt,
893 1284 980 1347 quae
999 1266 1145 1347 possunt
1164 1261 1317 1327 ciusdem
1336 1261 1443 1348 parti-

302 1389 392 1475 cipia
416 1411 488 1454 esse
511 1389 655 1475 generis.

586 1720 660 1795 DE
698 1720 890 1798 NOCTIS
927 1716 1161 1795 STATVA.

237 2006 279 2070 10
388 2004 504 2070 Habet
527 2004 605 2069 Nox
624 2002 736 2068 ideam
760 2025 820 2069 seu
844 2003 1006 2091 speciem,
1029 2001 1155 2088 inqua
1179 2001 1327 2088 triginta
1351 2023 1441 2066 com-

300 2129 395 2217 plere
417 2128 498 2196 licet
523 2128 840 2215 contemplationes.

389 2255 545 2319 Primum
570 2253 692 2339 igitur,
710 2253 802 2339 quod
818 2259 969 2319 statuam
989 2251 1105 2333 habet,
1127 2252 1237 2317 Deam
1253 2273 1289 2316 se
1309 2273 1381 2316 esse
1396 2257 1445 2315 te·
1528 2297 1530 2300 ψ

302 2386 415 2444 statur
434 2377 710 2461 (similitudinem
728 2377 857 2464 quippe
875 2377 979 2443 habet
994 2399 1071 2442 cum
1090 2377 1186 2460 Deo),
1207 2399 1248 2442 ex
1265 2376 1330 2442 hoc
1351 2375 1445 2462 quod

302 2526 420 2569 caussa
440 2509 491 2569 est
516 2503 711 2568 incaussate
735 2510 771 2567 et
794 2501 981 2569 multorum
1005 2509 1039 2567 et
1058 2502 1212 2568 omnium
1229 2502 1316 2568 citra
1332 2501 1444 2568 Deum

237 2627 278 2688 15
300 2628 465 2717 principii
489 2628 658 2694 rationein
684 2628 834 2711 obtinet;
851 2628 888 2692 in
909 2628 1035 2713 quibus
1054 2627 1214 2694 videlicet
1231 2650 1302 2693 esse
1322 2619 1443 2693 distin-

301 2754 421 2841 guitur
439 2754 483 2819 ab
508 2753 669 2837 essentia,
694 2752 731 2817 in
750 2753 804 2819 his
828 2753 973 2820 Noctem
992 2753 1121 2818 intueri
1137 2751 1219 2818 licet
1238 2759 1383 2818 matrem
1408 2760 1442 2818 et

301 2885 434 2966 patrem
458 2878 596 2943 Lucem.

390 3003 435 3068 Π.
460 3002 611 3068 Deorum
636 3002 883 3086 hominumque
906 3009 1017 3067 mater
1046 3002 1259 3086 inscribitur,
1292 3004 1444 3088 quando-

302 3127 439 3213 quidem
459 3127 586 3214 duplex
606 3127 734 3193 dicitur
753 3127 925 3194 sensibilis
944 3136 979 3192 et
998 3128 1208 3193 insensibilis
1232 3128 1364 3213 umbra,
1383 3152 1442 3195 seu

235 3248 279 3310 ‘20
303 3253 533 3319 materialium
553 3260 587 3317 et
606 3252 899 3334 immaterialium,
921 3253 1065 3319 materia
1082 3253 1210 3340 quippe
1227 3254 1443 3341 sensibilium

302 3385 336 3441 ct
360 3377 614 3443 insensibilium
639 3376 768 3463 duplex
792 3382 852 3440 est.

391 3503 454 3568 ΙΙΙ.
479 3504 604 3570 Vetula
628 3504 756 3568 dicitur
779 3509 920 3590 propter
942 3504 1201 3589 antiquitatem,
1226 3529 1294 3591 qua
1313 3514 1442 3593 tempo·

301 3628 349 3693 ris
372 3628 617 3713 antiquitatem
642 3627 833 3713 adaequare
858 3627 1049 3693 coniicitur,

391 3755 449 3820 IV.
476 3755 594 3841 Nigris
613 3755 735 3821 induta
759 3755 927 3840 vestibus,
953 3756 1034 3840 quia
1058 3756 1142 3821 orba
1162 3763 1230 3840 est,
1251 3765 1372 3844 utpote
1391 3758 1442 3824 n‘i-

236 3879 278 3942 25
301 3881 352 3945 hil
374 3880 513 3946 habeus.

410 4166 464 4215 ’23
486 4167 581 4218 Ultmo
599 4166 659 4230 (sic)
678 4165 767 4228 igitur
784 4166 861 4216 inter
877 4166 919 4215 A:
939 4166 1031 4216 XXX.
1052 4168 1133 4216 Iutor
1155 4166 1188 4215 Μ
1198 4204 1205 4226 ,
1225 4168 1259 4229 cf.
1275 4185 1293 4216 a
1312 4184 1341 4230 p.
1360 4171 1407 4228 26,
1427 4171 1443 4216 6

301 4248 317 4294 0
334 4246 440 4296 habens
457 4247 489 4296 M
550 4247 598 4296 7.8
615 4261 687 4311 quae
705 4245 831 4296 eiusdcrn
848 4252 918 4295 sunt
934 4246 1085 4311 participia
1101 4247 1216 4310 generis
1233 4247 1266 4296 M
1327 4248 1357 4297 13
1375 4264 1440 4298 curn

303 4328 361 4376 Dec
379 4327 421 4376 M:
440 4343 475 4376 cx
492 4342 525 4376 eo
540 4327 561 4375 l
627 4327 706 4375 2021
724 4327 828 4392 quippo
846 4325 1072 4390 intelligibilium
1091 4335 1120 4376 et
1137 4328 1318 4377 sensibilium
1335 4329 1440 4394 duplex

301 4407 388 4457 asti!
