3488 5108
699 411 742 455 on
763 411 878 457 nsavu
900 411 1076 456 ecmonus
1096 411 1165 457 mro.
1444 397 1503 460 567

362 569 438 634 istis
462 570 640 637 elementis
671 594 729 637 seu
757 573 878 660 primis
907 572 1064 660 partibus
1089 575 1204 641 omnia
1235 583 1502 664 componuntur,

362 703 521 763 notatum
545 705 604 763 est.
630 697 778 785 Serpens
801 701 906 766 semel
923 701 1092 767 arundine
1115 724 1295 789 percussus
1314 703 1503 790 rumpitur,

362 848 483 890 verum
514 825 625 892 denuo
656 826 701 892 ad
719 825 893 892 binarium
921 827 1136 896 resolidatur.
1161 829 1200 895 Si
1223 829 1300 915 quis
1330 830 1456 896 iterato
1486 855 1504 897 e

363 950 463 1017 domo
483 959 582 1017 exeat
600 951 644 1018 ad
662 951 795 1038 aliquid
886 952 1097 1040 faciendum,
1118 955 1177 1020 vix
1195 977 1350 1041 unquam
1368 955 1502 1022 felicem

316 1075 338 1138 5
363 1075 521 1142 inveniet
544 1083 579 1143 et
603 1075 647 1142 ad
669 1077 809 1145 libitum
834 1078 925 1165 quod
949 1079 1093 1165 quaerit.
1122 1080 1223 1148 Unde
1251 1081 1443 1148 consulitur
1466 1082 1504 1147 in

361 1201 520 1288 symbolo
537 1202 770 1290 Pythagorae,
787 1203 869 1270 licet
883 1204 1033 1289 occulte,
1053 1227 1131 1271 cum
1146 1205 1270 1272 exieris
1286 1230 1305 1272 e
1321 1205 1437 1290 domo,
1458 1230 1501 1272 ne

361 1327 494 1412 redeas,
514 1327 571 1394 vel
589 1349 745 1395 reversus
764 1352 874 1396 mane.
892 1328 1074 1396 Orationes
1093 1331 1243 1396 maxima
1259 1353 1301 1397 ex
1318 1337 1416 1418 parte
1434 1338 1499 1396 ter·

360 1453 516 1537 narium,
534 1452 696 1520 similiter
711 1461 746 1521 et
761 1452 994 1522 adiurationes
1010 1455 1193 1543 requirunt
1209 1463 1283 1540 etc,
1302 1456 1500 1543 quinarium

362 1579 516 1647 cautelae
535 1579 699 1646 adversus
723 1581 831 1647 malos
855 1581 1052 1666 daemones,
1077 1581 1114 1648 in
1138 1582 1333 1670 septenario
1357 1583 1501 1669 vulgata

296 1705 340 1771 10
362 1712 413 1771 est
442 1712 535 1771 certa
555 1707 668 1773 virtus
699 1707 874 1794 posthumi
899 1706 943 1772 ad
973 1707 1141 1774 curandas
1165 1707 1373 1796 scrophulas.
1397 1707 1501 1775 Mitto

362 1831 430 1897 alia
449 1832 606 1920 exempla
626 1833 752 1920 quibus
771 1831 890 1898 referti
910 1840 992 1899 sunt
1011 1834 1291 1921 experimentarii
1309 1834 1401 1900 libri.

453 1956 551 2036 Quod
575 1958 720 2024 dicimus
744 1958 786 2023 de
809 1981 971 2040 numero,
991 1960 1074 2026 item
1093 1959 1135 2025 de
1158 1983 1318 2026 mensura
1337 1957 1503 2046 intelligi·

362 2106 454 2166 mus,
480 2106 567 2170 quae
591 2083 679 2148 nihil
707 2083 800 2150 aliud
828 2090 881 2150 est
911 2085 979 2152 nisi
1009 2108 1171 2152 numerus
1196 2085 1233 2150 in
1256 2085 1421 2151 continuo
1445 2084 1501 2150 vel

359 2208 495 2295 liquido
509 2210 565 2275 vel
581 2209 677 2275 arido
693 2211 748 2276 vel
763 2211 933 2296 qualitate
945 2211 1059 2277 activa
1072 2210 1128 2277 vel
1141 2210 1280 2299 passiva
1297 2217 1331 2276 et
1347 2209 1500 2276 caeteris.

295 2470 337 2535 15
450 2463 497 2527 Et
515 2461 599 2528 haec
618 2469 700 2528 sunt
715 2463 901 2551 praecipua
920 2462 1048 2550 capito,
1069 2462 1160 2528 circa
1179 2485 1268 2548 quae
1283 2467 1419 2549 oportet
1435 2483 1503 2526 me·

363 2587 481 2671 ditari,
507 2611 697 2675 aggregare
720 2588 946 2672 universalia,
972 2609 1127 2654 exercere
1150 2595 1265 2654 actum
1294 2586 1503 2674 contempla·

367 2712 473 2779 tionis
492 2720 527 2779 et
546 2714 720 2801 applicare
739 2735 861 2800 praxea
885 2735 963 2779 eum
987 2712 1047 2799 qui
1070 2713 1171 2801 plene
1194 2712 1344 2800 magiam
1369 2711 1447 2778 vult
1465 2711 1503 2777 in

364 2839 552 2926 pristinum
575 2847 609 2905 ct
640 2838 893 2905 nobilissimum
922 2844 1051 2904 statum
1082 2838 1283 2904 instaurare.
1307 2838 1354 2903 Et
1383 2836 1425 2903 de
1448 2836 1502 2902 his

363 2965 456 3031 satis.

440 3275 672 3351 4....]ἰάοιιιΜὸ
715 3279 928 3343 felicemlaicdd
970 3274 1264 3351 badlibitumleich’
1306 3273 1501 3346 catallum:

363 3372 412 3408 oni.
430 3351 475 3408 Ml
539 3361 569 3408 12
578 3359 743 3422 formidem
