3488 5108
360 407 419 466 608
799 420 940 465 mansur
960 419 1064 466 novur

358 581 544 642 runtamen
558 574 591 643 A
610 581 644 641 et
667 575 697 641 B
716 582 798 642 sunt
817 575 867 642 ibi
886 575 925 640 in
944 575 1065 641 maiori
1083 575 1215 642 virtute
1235 598 1339 661 quam
1354 568 1439 642 c'ee
1460 574 1513 657 D,

359 708 394 766 et
411 702 568 769 infirmus
593 723 735 787 egerens
754 701 860 767 talem
879 701 1016 766 urinam
1036 701 1148 766 curari
1168 700 1270 767 debet
1301 724 1378 768 cum
1398 707 1514 767 mate·

359 827 431 892 riae
447 827 641 893 subtilitate
657 834 692 892 et
708 826 999 913 multiplicatione
1014 825 1156 894 virtutis
1174 826 1200 892 G
1221 833 1257 893 et
1272 827 1313 892 D.
1331 827 1374 893 In
1389 826 1514 915 priva·

359 952 454 1017 tione
473 952 565 1018 enim
580 951 722 1017 virtutis
734 951 760 1016 Ο
774 957 809 1017 et
823 952 855 1017 D
868 950 1061 1017 destruitur
1072 951 1198 1036 virtus,
1215 952 1253 1018 in
1271 944 1514 1019 destructione

315 1078 336 1142 ὃ
359 1076 501 1142 virtutis
520 1075 753 1165 corrumpitur
770 1077 931 1159 materia,
952 1082 987 1141 et
1007 1076 1153 1142 materia
1173 1082 1303 1162 quanto
1322 1076 1436 1163 magis
1455 1082 1514 1143 est

360 1201 484 1289 spissa,
503 1209 602 1269 tanto
621 1200 769 1289 amplius
792 1224 854 1289 per
877 1224 954 1267 eam
972 1200 1084 1267 cordis
1115 1201 1222 1269 motio
1253 1202 1443 1290 impeditur
1471 1207 1513 1267 et

360 1327 470 1392 virtus
497 1327 674 1414 operativa
692 1327 802 1414 ipsius
827 1326 898 1392 ΑΕ.
921 1324 1003 1393 ldeo
1022 1350 1084 1414 per
1102 1326 1373 1414 phlebotomiam
1403 1326 1512 1393 debet

359 1451 471 1517 minui
489 1453 643 1537 materia,
660 1475 704 1517 ne
720 1458 828 1518 cesset
841 1457 955 1518 motus
970 1475 1032 1538 per
1051 1474 1153 1538 quem
1165 1452 1197 1517 A
1210 1459 1245 1517 et
1260 1452 1290 1518 B
1308 1459 1510 1541 operantur,

362 1599 430 1662 qua
448 1576 578 1643 virtute
597 1583 736 1644 maneat
755 1577 866 1643 virtus
885 1576 1065 1665 operativa
1084 1576 1238 1664 ipsorum
1254 1576 1325 1643 OD.

298 1753 339 1817 10
452 1756 522 1816 Non
539 1756 671 1816 turberis
688 1755 718 1814 in
736 1755 794 1816 boe
810 1754 892 1831 quod
913 1755 1066 1816 interdum
1087 1755 1245 1833 regionem
1267 1754 1432 1834 accipimus
1448 1774 1508 1833 pro

361 1863 451 1924 domo
470 1871 500 1924 et
517 1863 640 1924 domum
657 1883 712 1942 pro
729 1862 872 1942 regione,
887 1863 963 1923 item
976 1862 1139 1939 aliquando
1154 1863 1278 1941 ponitur
1301 1864 1398 1942 Apro
1416 1862 1457 1936 E,
1475 1862 1507 1920 B

361 1991 417 2049 pro
436 1972 473 2050 F,
494 1971 518 2031 Ο
539 1990 594 2049 pro
617 1971 657 2049 G,
681 1970 709 2028 D
730 1990 785 2048 pro
807 1971 839 2030 H
847 1991 854 2047 ;
871 1990 932 2030 non
955 1970 1034 2032 enim
1055 1971 1088 2031 in
1108 1970 1167 2031 hoc
1188 1968 1350 2050 proposito
1373 1969 1507 2028 facimus

362 2077 553 2139 differentias
570 2078 652 2139 inter
671 2076 837 2153 qualitates
858 2078 1000 2157 proprias
1021 2086 1053 2140 et
1073 2078 1213 2139 subiecta
1234 2077 1358 2156 propria
1373 2095 1428 2137 seu
1445 2076 1509 2141 ele-

362 2194 472 2246 menta.

298 2392 338 2456 lb
451 2389 506 2455 Ad
525 2390 740 2478 propositum
760 2389 941 2456 redeuntes
964 2389 1112 2456 dicimus
1134 2389 1275 2455 domum
1294 2387 1355 2452 BE
1374 2386 1511 2475 signifi-

362 2540 438 2583 care
458 2516 595 2583 urinam
613 2516 764 2583 lucidam
780 2538 919 2587 auream
936 2515 974 2582 in
992 2520 1092 2603 parte
1109 2515 1283 2580 intensam
1310 2520 1346 2579 et
1369 2513 1512 2579 umbro·

362 2665 447 2725 sam,
468 2642 602 2709 ratione
618 2648 729 2708 terrae
748 2640 966 2707 infrmdentis
983 2641 1020 2706 in
1036 2642 1066 2706 B
1090 2639 1282 2706 siccitatem
1298 2661 1409 2724 suam,
1427 2660 1510 2704 cum

363 2790 431 2853 qua
450 2767 542 2853 ignis
561 2768 691 2834 colorat
714 2766 1008 2855 diaplianeitatem
1027 2766 1148 2831 urinae
1167 2764 1314 2845 infirmi,
1335 2763 1417 2849 quia
1436 2762 1511 2829 dia-

361 2894 524 2981 phanitas
543 2899 594 2959 est
614 2894 753 2974 ancilla,
775 2892 918 2978 nigredo
939 2892 1092 2975 domina,
1112 2891 1275 2957 luciditas
1294 2891 1425 2976 regina.

295 3079 340 3141 20
453 3080 486 3138 Si
507 3078 596 3140 vides
617 3081 735 3139 urinam
760 3079 890 3139 lucidam
913 3100 1047 3156 auream,
1065 3099 1175 3140 noscas
1197 3099 1263 3139 eam
1289 3079 1445 3158 pertinere
1466 3080 1509 3140 ad

363 3189 485 3249 domum
502 3190 558 3250 ΒΕ
575 3196 607 3250 et
624 3210 692 3251 esse
710 3190 749 3250 de
766 3197 875 3250 natura
892 3189 973 3265 ignis
988 3197 1020 3246 et
1037 3188 1125 3248 aeris.

450 3394 492 3459 In
520 3393 620 3459 domo
650 3394 710 3458 BF
741 3399 793 3457 est
813 3391 914 3458 urina
932 3390 1069 3456 infirma
1089 3397 1230 3478 propter
1254 3389 1509 3456 abundantiam

361 3519 527 3584 siccitatis
546 3516 580 3583 et
600 3517 803 3599 caliditatis,
819 3522 854 3581 et
873 3516 1034 3581 luciditas
1059 3524 1110 3581 est
1133 3516 1282 3581 multum
1305 3514 1443 3579 intensa
1466 3537 1509 3581 co

363 3644 443 3729 quia
462 3643 682 3731 diaphanitas
701 3642 826 3729 recipit
844 3643 1003 3708 umbram
1018 3649 1131 3707 terrae
1149 3663 1212 3728 pro
1232 3639 1429 3727 nigredine,
1451 3639 1512 3706 do-

453 3910 468 3959 2
485 3923 608 3973 egerens
617 3908 649 3957 M
653 3926 659 3957 :
674 3907 785 3959 faciens
795 3908 825 3957 Χ
885 3908 901 3957 5
918 3912 947 3958 et
960 3906 1083 3958 materia
1095 3904 1127 3955 M
1136 3922 1142 3955 ε
1154 3921 1188 3956 ex
1201 3920 1258 3970 quo
1272 3909 1369 3971 potest
1380 3905 1510 3970 intelligi

362 3991 436 4055 quod
449 3990 669 4052 materiaX(cf.
683 3989 756 4039 Lali.
769 4006 798 4053 p.
812 3990 873 4054 37³)
936 3986 1229 4038 8ncll1:ntnonX
1245 3985 1316 4034 Lati.
1382 3983 1511 4035 mllio

362 4087 447 4137 urarp.
462 4071 493 4120 Μ
499 4089 505 4120 :
519 4072 606 4122 iacere
620 4075 649 4119 ct
664 4086 721 4120 non
741 4069 868 4119 turberis
891 4068 920 4118 in
941 4069 995 4118 hoc
1019 4068 1096 4134 qnod
1117 4067 1271 4132 aliquando
1288 4064 1436 4129 regionem
1455 4080 1510 4130 pro

363 4152 445 4201 domo
460 4156 489 4201 et
501 4167 641 4202 cameram
656 4166 707 4217 pro
720 4151 803 4200 domo
818 4156 848 4200 ot
859 4149 977 4213 regione
1037 4185 1057 4198 ..
1075 4148 1149 4198 idom
1225 4145 1398 4211 accepimus.
1411 4149 1426 4210 5¹
1440 4145 1509 4197 VII.

362 4232 437 4280 Item
448 4231 603 4297 aliqnando
617 4232 705 4297 Apro
722 4232 745 4280 E
763 4237 793 4281 ut
809 4230 832 4280 B
849 4231 912 4280 loeo
927 4230 990 4279 Fet
1004 4229 1025 4278 O
1040 4230 1103 4279 loco
1122 4229 1147 4280 G
1165 4234 1194 4279 et
1211 4229 1235 4277 D
1252 4229 1315 4277 loco
1329 4227 1367 4276 H.
1380 4227 1511 4292 Ideoque

363 4312 396 4361 fit
410 4313 477 4376 quic
494 4318 565 4362 tunc
582 4313 676 4362 solum
697 4313 853 4378 qualitates
872 4310 1003 4375 proprias
1025 4310 1182 4374 accipimus
1204 4314 1233 4358 et
1256 4322 1313 4358 non
1335 4309 1361 4357 A
1381 4308 1511 4374 proprie-

362 4393 498 4456 tas(?)X
559 4394 589 4442 18
605 4392 780 4443 infirmantis
799 4391 826 4440 X
887 4391 966 4442 2021
984 4389 1014 4440 iu
1031 4406 1118 4456 murp.
1139 4394 1198 4452 (corr
1216 4386 1350 4438 rictiauro
1370 4387 1441 4451 dopo
1459 4402 1510 4436 au·

362 4487 478 4522 reama.
495 4473 582 4537 16)M
645 4471 870 4523 QeontM
