3488 5108
284 401 344 460 498
723 411 866 456 mensur
886 410 989 456 novur

283 591 357 651 pes,
377 571 407 630 in
428 570 513 631 coelo
531 569 657 630 stellato
676 576 748 629 sunt
765 568 922 630 Picionius
944 576 976 631 et
996 568 1124 642 Urania,
1147 570 1180 628 in
1201 570 1286 631 caelo
1309 569 1434 632 Saturni

283 679 467 758 Amphietes
485 687 535 739 eto.
555 678 599 755 (p.
619 679 698 755 297).

361 787 455 847 XIII.
478 786 530 846 De
559 784 770 844 nominibus
799 784 1000 844 animarum
1031 784 1230 862 signorum.
1250 785 1344 864 Signa
1361 784 1435 845 duo·

283 893 382 955 decim
400 914 455 971 per
473 893 610 952 ordinem
627 892 743 950 habent
756 891 832 951 haec
846 891 1014 951 animarum
1031 892 1168 969 nomina,
1188 899 1221 951 ut
1238 892 1320 971 apud
1336 891 1435 952 Mani·

239 1001 260 1063 5
282 1001 355 1061 lium
376 1007 509 1075 constat;
535 1009 584 1058 est
605 1000 684 1059 enim
710 1000 741 1059 in
766 999 859 1060 corde
886 1000 1004 1060 Arietis
1032 999 1137 1060 Pallas
1158 1000 1354 1080 particularis
1377 1009 1430 1062 etc.

285 1112 328 1191 (p.
342 1114 399 1169 297
409 1111 467 1188 sq.)
484 1107 619 1191 Proinde
634 1114 705 1167 sunt
718 1107 840 1166 nomina
851 1117 971 1185 septem
983 1107 1087 1166 mundi
1101 1109 1340 1184 gubernatorum
1354 1108 1432 1169 satis

284 1218 410 1295 vulgate
430 1237 448 1275 a
469 1213 600 1275 Saturno
614 1234 710 1291 usque
725 1214 765 1275 ad
780 1216 907 1275 Lunam.
923 1215 1001 1275 Sunt
1014 1216 1142 1294 proinde
1161 1216 1221 1276 alia
1235 1216 1367 1277 istorum
1380 1236 1432 1277 no·

283 1325 365 1385 mina
384 1346 403 1384 a
422 1324 524 1402 Magis
542 1331 573 1382 et
591 1322 756 1383 Oebalistie
772 1323 939 1401 assignate,
959 1332 992 1383 ut
1004 1324 1101 1402 primo
1114 1324 1256 1402 planetae
1269 1323 1431 1403 presidens

284 1434 403 1493 dicatur
411 1431 541 1510 Zapkiel
553 1441 604 1492 etc.
621 1432 712 1491 quta
724 1432 801 1491 alios
813 1430 944 1491 Saturno
955 1439 1061 1511 praest
1073 1430 1222 1510 Oriphiel,
1234 1431 1304 1491 Iovi
1314 1432 1431 1492 Zacha-

219 1545 262 1608 10
284 1539 353 1617 riol,
366 1539 457 1599 Marti
476 1538 616 1615 Zemael,
633 1538 697 1598 Soli
720 1537 856 1614 Michiel,
875 1536 967 1621 [73V]
982 1539 1098 1600 Veneri
1112 1538 1211 1599 Anael
1226 1547 1287 1615 etc,
1304 1559 1433 1616 quornm
1530 1550 1535 1560 ‘

284 1647 514 1708 vicissitudines
532 1647 651 1705 notavit
668 1645 854 1706 Trithemius
872 1647 968 1705 abbas
986 1646 1016 1705 in
1030 1665 1084 1705 suo
1103 1653 1237 1706 tractatu
1250 1656 1281 1705 et
1296 1645 1433 1706 conside·

284 1754 380 1814 rande
394 1763 515 1832 tempus
530 1753 656 1813 dominii
669 1753 804 1831 ipsorum
820 1761 851 1813 et
865 1753 1057 1831 planetarum
1073 1761 1104 1813 ct
1118 1752 1290 1832 spirituum.
1306 1753 1343 1813 In
1358 1762 1433 1814 tem·

285 1862 412 1941 poribus
422 1860 491 1920 aliie
503 1860 612 1935 quibus
629 1860 863 1919 dominabantur
875 1859 1066 1919 conditiones
1078 1868 1249 1938 temporum
1260 1861 1432 1920 futurorum

286 1969 396 2047 aliquis
411 1968 498 2045 qussi
513 1977 597 2029 certa
611 1967 724 2027 habere
743 1967 857 2046 poterit
876 1984 922 2044 (p.
941 1970 1022 2047 377).
1044 1968 1198 2028 Nomina
1219 1967 1430 2046 praesiden-

222 2080 263 2143 15
287 2077 375 2137 tium
409 2076 527 2153 signis
561 2078 612 2135 12.
647 2075 813 2136 Praesides
840 2075 997 2152 signorum
1025 2078 1062 2134 12
1088 2095 1144 2154 per
1175 2075 1312 2137 ordinem
1340 2085 1429 2137 sunt:

286 2183 472 2243 Malchidael
488 2192 539 2244 etc.
558 2185 603 2263 (in
618 2205 714 2263 marp.
730 2188 762 2243 di
776 2204 867 2243 muno
878 2205 936 2243 rec.
949 2187 963 2243 ὲ
978 2190 1068 2243 citato
1085 2182 1206 2244 Corncl.
1222 2185 1308 2260 Agr,
1318 2183 1354 2243 L.
1366 2183 1429 2261 111,

287 2313 311 2351 c.
337 2296 514 2368 xx1v,rioi
535 2315 567 2368 p.
592 2295 653 2352 378
675 2295 743 2371 sp).
766 2291 918 2352 Nomina
943 2291 1238 2369 praesidentium
1265 2294 1313 2350 28
1343 2311 1432 2351 man·

287 2399 457 2461 sionibus
478 2399 586 2458 lunae
613 2419 677 2476 per
708 2399 881 2458 ordinem.
911 2398 1035 2475 Geniel,
1054 2398 1183 2458 Enediel
1206 2407 1257 2458 etc.
1279 2398 1432 2459 Nomine

287 2514 442 2584 quatuor
464 2504 756 2584 praesidentium
772 2512 928 2580 quatuor
950 2505 1073 2565 ventis
1101 2514 1137 2564 et
1163 2512 1318 2581 quatuor
1339 2525 1431 2564 mun·

221 2613 266 2677 20
289 2614 324 2674 di
346 2613 524 2692 partibus.
544 2612 621 2672 Sunt
632 2612 765 2672 Michael
782 2620 1011 2690 superventum
1024 2611 1204 2673 orientalem
1215 2620 1267 2673 cta.
1279 2612 1432 2673 Nomina

286 2719 576 2800 praesidentium
607 2725 764 2795 quatuor
790 2720 986 2781 elementis
1011 2721 1196 2781 bonorum.
1225 2720 1432 2799 Assignantur

287 2829 350 2887 aeri
376 2828 498 2887 Cherub
528 2836 579 2888 cto.
606 2827 758 2887 Nomina
784 2828 997 2905 praesidum
1020 2828 1193 2887 melorum
1215 2828 1430 2908 principum.

286 2935 448 3013 Principes
465 2955 538 2995 vero
560 2934 764 3013 potentissimi
788 2936 935 2995 malorum
952 2936 1115 3013 spirituum
1132 2936 1162 2994 in
1182 2946 1311 3010 quatuor
1328 2938 1432 2997 mundi

285 3043 426 3120 partibus
443 3051 530 3103 sunt:
548 3042 659 3102 Uricus
677 3061 731 3101 rex
750 3041 885 3102 Orientis
903 3051 955 3102 etc.

219 3147 262 3209 25
366 3151 453 3209 XIV.
487 3149 640 3210 Nomina
671 3168 734 3208 sex
772 3151 973 3228 principum
1005 3152 1269 3212 maleficorum.
1307 3151 1432 3212 Vetusti

285 3256 471 3317 Graecorum
489 3257 639 3332 Theologi
663 3255 821 3316 nominant
835 3259 965 3317 Acteum
987 3267 1038 3317 etr.
1058 3260 1108 3336 (p.
1128 3257 1345 3343 erm—[74²]
1368 3260 1433 3319 No-

285 3365 379 3424 mina
404 3365 616 3441 angelorum
648 3365 787 3426 dierum
813 3374 849 3425 et
874 3366 990 3443 primo
1023 3367 1083 3425 die
1109 3366 1215 3427 Solis.
1238 3368 1351 3444 Angeli
1368 3368 1430 3427 dici

285 3473 366 3533 Solis
392 3473 481 3551 primi
509 3480 579 3533 sunt
607 3480 685 3548 trae,
716 3473 863 3550 lllichael,
894 3474 1032 3551 Dardiel‚
1063 3475 1237 3553 Huratepel
1258 3477 1355 3554 (l’rtrr'
1382 3478 1430 3536 De

285 3583 407 3656 Aliana,
427 3582 585 3640 Elementa
609 3587 743 3659 irruptae,
762 3605 796 3657 p.
827 3584 907 3660 569).
936 3582 1088 3642 Nomina
1115 3582 1328 3658 angelorum
1356 3582 1429 3642 diei

219 3691 262 3754 30
285 3689 415 3747 Lunae.
434 3689 512 3747 Tres
528 3687 631 3763 angeli
649 3688 735 3767 primi
756 3688 896 3766 Gabriel,
916 3689 1062 3766 Michael,
1076 3689 1196 3750 Samaei
1216 3698 1267 3750 etr.
1288 3692 1330 3768 (p.
1350 3694 1429 3769 571).

285 3794 440 3855 Nomina
470 3794 683 3871 angelorum
706 3794 764 3854 die
791 3796 932 3855 Martis.
951 3797 1029 3855 Tres
1047 3806 1117 3856 suut
1134 3798 1224 3874 primi
1239 3797 1359 3857 Samuel
1377 3807 1430 3858 etc.

240 3921 241 3924 ’
287 3904 331 3979 (p.
351 3903 430 3979 did).
449 3900 602 3960 Nomina
623 3902 836 3978 angelorum
857 3903 900 3962 ad
922 3903 1017 3963 diem
1038 3904 1222 3964 Mercurii.
1245 3905 1322 3964 Tres
1340 3904 1430 3983 primi

285 4017 356 4067 sunt
382 4008 523 4086 Raphael
545 4016 596 4068 etc.
619 4011 664 4085 (p.
690 4008 911 4092 575)-[74v]
934 4011 1088 4070 Nomina
1120 4012 1331 4089 angelorum
1356 4012 1430 4070 diei

284 4116 393 4175 Iovis.
415 4116 512 4174 Primi
539 4125 604 4176 tres
628 4124 698 4175 sunt
726 4116 846 4175 Sachiel
868 4125 919 4176 etr.
940 4120 984 4197 (p.
1008 4119 1089 4196 578).
1111 4119 1264 4180 Nomina
1285 4119 1429 4195 angelo-

220 4224 262 4288 35
286 4242 363 4281 rum
385 4222 459 4282 diei
482 4223 647 4283 Veneris.
670 4224 766 4282 Primi
787 4233 851 4283 tres
873 4235 943 4283 sunt
970 4225 1069 4285 Anael
1098 4234 1147 4285 etc.
1180 4228 1222 4304 (il)
1258 4230 1338 4305 579).
1366 4227 1433 4287 No-

1236 4393 1422 4402 .—

380 4481 394 4533 l
412 4479 481 4529 haec
496 4478 596 4530 incurro
612 4479 639 4530 iu
650 4480 681 4531 Μ
743 4482 774 4532 rt
791 4481 845 4541 die]
853 4483 932 4547 soree
947 4481 1018 4546 diei,
1035 4498 1078 4531 ara
1090 4484 1124 4548 rs.
1140 4498 1164 4532 v.
1180 4484 1213 4531 31
1227 4486 1286 4533 e32
