3488 5108
296 390 355 447 486
609 456 614 463 ,
734 402 874 448 rounam
896 403 997 448 savar

295 559 479 645 phantasia
509 560 552 624 ab
579 560 634 625 his
664 583 751 645 quae
779 560 822 625 ab
850 560 1047 625 inordinata
1065 559 1348 646 proficiscuntur,
1373 555 1433 622 sed

296 684 400 748 etiam
416 684 513 750 illam
528 685 681 767 ordinat,
707 686 862 771 corrigit,
887 685 1055 772 disponit,
1080 693 1113 751 et
1142 685 1215 750 eius
1239 683 1368 772 species
1389 682 1435 748 ad

295 807 435 875 libitum
456 812 641 898 componit.

383 1034 475 1094 Patet
492 1056 529 1097 ex
543 1035 595 1095 48⁰
611 1036 748 1096 articulo.
759 1035 849 1096 Unde
861 1035 1091 1096 denominantur
1103 1044 1220 1113 poetae,
1234 1045 1265 1095 et
1277 1044 1347 1095 sunt
1359 1035 1433 1095 item

251 1136 272 1196 ὃ
295 1141 442 1219 pictores,
462 1145 583 1223 apologi
599 1153 656 1206 ete.

799 1450 934 1516 XLIX.

384 1695 482 1773 Quod
511 1694 637 1759 attinet
664 1694 707 1758 ad
738 1714 984 1779 energumenos
1013 1715 1072 1757 seu
1096 1691 1347 1775 daemoniacos
1374 1693 1434 1777 qui

294 1845 397 1910 supra
416 1821 592 1908 proprium
618 1820 796 1906 ingenium
820 1821 926 1885 variis
949 1816 1139 1904 loquuntur
1158 1819 1288 1905 linguis
1318 1829 1352 1885 et
1375 1822 1434 1887 ha·

293 1951 404 2015 bitum
424 1950 601 2014 variarum
630 1947 851 2013 scientiarum
881 1946 1131 2030 demonstrant,
1161 1957 1279 2013 errant
1303 1949 1429 2015 medici

230 2085 271 2146 lo
294 2098 407 2139 crassa
426 2074 574 2159 quadam
593 2071 785 2160 pertinacia
803 2080 969 2158 negantes
989 2096 1061 2138 esse
1080 2071 1262 2140 daemones
1283 2080 1317 2137 et
1336 2095 1430 2160 pere·

292 2200 410 2287 grinos
433 2198 643 2279 intellectns3
660 2205 777 2262 errant
796 2196 900 2262 etiam
920 2197 1081 2263 sacristae
1102 2197 1242 2282 (paridam
1262 2206 1428 2284 negantes

294 2348 335 2389 ex
347 2325 530 2388 humorum
547 2323 772 2409 qualitatibus
785 2322 848 2387 hoc
860 2323 1054 2408 provenire,
1072 2333 1183 2387 totum
1197 2345 1277 2388 vero
1292 2322 1335 2388 ad
1351 2322 1429 2388 dae·

292 2450 404 2514 monis
422 2472 508 2535 opus
526 2448 721 2514 referentes.
741 2445 846 2510 Ratio
861 2469 941 2511 vero
953 2447 1064 2512 omnis
1077 2447 1229 2532 undique
1250 2450 1254 2532 Ι
1275 2470 1430 2535 compro·
1456 2445 1551 2508 8'7v
1564 2446 1603 2509 G

293 2575 353 2640 bat
383 2574 475 2639 hunc
499 2574 658 2638 effectum
686 2594 728 2636 ex
750 2592 841 2635 novo
872 2571 1020 2655 (prodam
1049 2571 1190 2638 animali
1219 2573 1376 2659 ingenito
1396 2582 1432 2639 et

228 2708 270 2770 15
294 2707 458 2785 concepto
482 2697 670 2785 proveniri,
696 2696 792 2761 cinus
823 2695 960 2781 quidem
988 2718 1110 2781 corpus
1140 2697 1186 2762 sit
1216 2721 1258 2763 ex
1286 2699 1432 2763 materia

294 2825 502 2889 medicorum
526 2831 560 2887 et
583 2822 698 2887 anima
718 2845 759 2886 ex
783 2821 908 2907 spiritu
927 2821 1159 2902 sacristariam,
1182 2824 1339 2907 quamvis
1359 2825 1430 2888 alia

293 2949 444 3014 conditio
477 2951 523 3014 sit
546 2949 638 3013 illius
669 2948 828 3012 animalis
857 2958 891 3012 et
921 2947 1035 3028 istius,
1056 2948 1153 3012 citius
1183 2949 1362 3035 proprium
1383 2949 1432 3013 sit

294 3097 426 3161 corpus.

374 3307 465 3364 Patet
483 3325 518 3363 ex
537 3304 677 3379 hisquae
705 3304 846 3362 dicuntur
863 3304 923 3380 49⁰,
945 3305 1054 3379 quibus
1072 3305 1152 3364 adde
1176 3325 1306 3365 noanon
1324 3307 1429 3384 appel·
1457 3304 1550 3368 ΒΨ
1566 3308 1624 3368 Μ

227 3413 271 3475 ‘20
293 3415 357 3473 lare
374 3412 484 3471 animal
503 3412 669 3487 ingenitum
683 3419 714 3470 et
726 3412 858 3488 speciem
877 3412 1041 3487 ingenitam
1066 3412 1203 3471 animalis
1223 3410 1304 3494 [nisi]
1325 3433 1430 3473 secun·

292 3523 363 3580 dum
381 3542 484 3580 veram
499 3520 632 3597 speciem
650 3529 681 3579 et
703 3529 879 3578 consuetam
901 3519 1153 3594 significationem
1174 3521 1326 3595 animalia,
1340 3517 1426 3606 (sed)

291 3628 456 3689 secundum
479 3627 630 3702 quandam
651 3627 908 3704 proportionalem
931 3647 984 3686 seu
1007 3626 1209 3702 analogicam,
1235 3629 1314 3687 sicut
1337 3631 1431 3688 etiam

292 3736 433 3796 animalia
450 3734 643 3811 appellantur
660 3741 743 3793 astra
765 3744 795 3792 et
813 3733 961 3810 sphaerae
984 3743 1014 3792 et
1036 3735 1166 3792 mundus
1185 3736 1251 3811 ipse
1268 3735 1431 3812 aliquando

293 3864 347 3920 per
358 3842 486 3900 animam
502 3840 715 3915 adsistentem,
728 3840 889 3915 aliquando
904 3861 957 3916 per
972 3841 1101 3899 animam
1115 3851 1287 3901 moventem
1299 3852 1430 3919 tanturn,

226 3956 269 4019 25
292 3971 352 4009 non
369 3964 471 4008 autem
493 3970 547 4026 per
563 3950 693 4007 animam
711 3949 924 4007 inexistentem
943 3960 973 4007 et
990 3958 1163 4009 natitantem
1185 3957 1216 4008 et
1232 3951 1427 4028 animantem,

292 4058 372 4118 sicut
389 4059 417 4116 in
441 4059 553 4135 plantis
571 4058 666 4117 ethis
685 4078 761 4132 quae
779 4059 872 4134 vulgo
890 4059 1032 4116 animalia
1049 4060 1251 4136 appellantur.

384 4314 672 4377 1l.5cf.p.449,5⁸q.
730 4313 921 4362 rssenirnanl:
938 4315 1032 4363 omnia
1051 4315 1118 4375 uu)
1183 4313 1431 4364 llanimalieani-

296 4395 434 4443 rnalisrll¹
515 4395 621 4443 20nisi
642 4392 899 4444 Czaaanisinlz
919 4395 943 4441 lo
965 4392 1084 4444 abbiamo
1103 4395 1249 4444 cancellato
1329 4397 1359 4444 21
1377 4396 1427 4447 scd

293 4493 341 4523 ona
360 4474 411 4526 CM
474 4475 506 4524 23
521 4475 657 4525 animalia
671 4475 737 4539 talia
748 4473 770 4539 l)
783 4474 824 4523 nl:
842 4474 913 4524 eliae
931 4476 952 4525 Ο
