3488 5108
296 387 357 445 454
634 400 775 448 manum
794 382 897 447 imvm
917 402 961 446 na
983 400 1097 446 111011.

297 555 364 638 ira,
378 555 555 642 gaudium,
567 554 747 642 patientia,
761 561 979 641 contemptus
995 554 1100 638 vitae,
1114 555 1249 639 mortis,
1263 555 1433 640 fortunae,

298 687 333 745 et
351 679 467 745 omnia
491 703 636 766 quorum
669 680 759 746 vires
783 703 825 746 ex
858 681 974 746 animo
994 681 1032 746 in
1061 702 1184 769 corpus
1216 682 1434 749 alterandum

297 805 557 891 transmigrant.

385 931 564 1010 Quomodo
582 953 664 998 vero
683 931 835 1017 reliquae
862 932 950 998 istae
969 937 1188 999 enumeratae
1217 933 1434 1000 vinculorum
1462 923 1557 987 '74'
1572 922 1608 986 0

254 1065 273 1126 ἴ)
297 1058 439 1146 speciae,
469 1080 557 1143 quae
587 1057 690 1123 fidem
717 1066 753 1123 et
776 1057 975 1145 opinionem
997 1060 1267 1144 subsequuntur,
1286 1061 1435 1126 alterent

297 1184 512 1250 considerare
542 1206 612 1250 non
644 1192 696 1250 est
727 1184 828 1249 valde
861 1184 1055 1272 profundae
1084 1185 1339 1273 speculationis.
1362 1187 1437 1251 Iam

297 1312 389 1396 quod
419 1311 547 1377 attinet
575 1310 618 1376 ad
648 1310 758 1398 magis
786 1311 958 1397 spiritales
988 1313 1163 1399 potentias
1193 1312 1440 1398 animaequae
1506 1351 1507 1354 ¹

297 1445 506 1524 sequuntur,
526 1459 649 1523 nempe
669 1436 945 1521 admemoriam,
965 1437 1151 1522 rationem,
1172 1438 1439 1526 experientiam,

296 1563 512 1629 intellectum
532 1569 565 1626 et
588 1568 754 1644 mentem,
773 1585 843 1627 non
863 1570 914 1627 est
934 1583 1057 1650 operae
1076 1564 1267 1651 praesentis
1287 1563 1441 1651 specula-

234 1687 402 1754 lotionis
425 1688 597 1775 persequi,
627 1685 798 1771 siquidem
829 1694 926 1753 actus
945 1689 1085 1755 illarum
1110 1689 1346 1777 potentiarum
1370 1709 1441 1754 non

297 1814 493 1880 redundant
517 1813 555 1878 in
578 1835 701 1900 corpus
725 1835 836 1896 neque
870 1813 1033 1898 alterant,
1059 1814 1119 1880 sed
1141 1821 1216 1880 tota
1242 1813 1439 1880 immutatio

297 1939 514 2026 originaliter
548 1946 599 2003 est
631 1938 669 2002 in
703 1937 869 2025 potentiis
893 1946 974 2004 ante
1009 1940 1249 2027 cogitativam,
1281 1939 1440 2005 effective

296 2073 412 2131 autem
430 2073 464 2131 et
482 2064 757 2151 principalitera
777 2063 976 2150 cogitativa.
995 2064 1079 2130 Inde
1098 2064 1210 2131 omnis
1230 2064 1283 2130 vis
1304 2065 1439 2150 magica

296 2192 409 2257 activa
426 2198 460 2256 et
476 2191 626 2278 passiva,
644 2198 678 2254 et
693 2189 842 2255 vinculis
858 2189 1002 2276 magicis
1022 2192 1150 2278 species
1167 2213 1317 2278 eousque
1333 2192 1439 2263 subii-

232 2319 273 2382 15
296 2316 448 2400 ciuntur,
460 2323 509 2398 et,
521 2313 560 2381 ut
574 2314 678 2380 etiam
697 2316 817 2381 asserit
831 2315 1003 2397 Plotinae,
1018 2324 1093 2381 tum
1109 2317 1282 2404 sapientes
1298 2325 1374 2384 tum
1390 2317 1441 2381 in-

296 2440 461 2528 sipientes
480 2463 540 2526 per
558 2440 730 2529 principia
749 2441 922 2520 naturalia
938 2442 1162 2508 consistentia
1181 2443 1219 2507 in
1238 2466 1277 2508 ea
1295 2449 1440 2529 possunt

295 2567 439 2651 vinciri,
463 2566 532 2632 nisi
560 2573 653 2631 extet
682 2567 824 2653 aliquod
853 2568 1065 2656 principium
1094 2569 1132 2634 in
1160 2569 1315 2636 subiecto
1345 2567 1437 2654 quod

296 2694 411 2760 valeat
446 2702 661 2781 repercutere
695 2717 755 2760 seu
784 2702 944 2760 excutere
980 2695 1133 2782 magicas
1170 2694 1435 2776 eiaculationes3

298 2819 587 2906 quandoquidem,
612 2827 651 2884 ut
668 2819 800 2884 dictum
819 2828 870 2885 est
889 2844 1005 2906 supra,
1030 2844 1100 2885 non
1119 2820 1235 2886 omnia
1253 2827 1438 2906 penetrant

230 2953 275 3017 20
297 2948 334 3012 in
353 2947 469 3012 omnia
490 2948 494 3031 Ι
515 2970 625 3032 neque
650 2947 881 3011 admiscentur
905 2948 1020 3012 omnia
1045 2970 1122 3011 oum
1148 2947 1327 3030 omnibus,
1347 2948 1438 3011 sicut
1463 2949 1625 3013 2va

298 3072 408 3137 oleum
430 3094 506 3136 oum
527 3094 616 3156 aqua
635 3093 706 3135 non
725 3071 940 3136 adnascatur.
962 3070 1019 3136 Sic
1038 3079 1186 3137 testatur
1210 3072 1371 3137 Plotiuus
1396 3072 1438 3136 de

298 3221 333 3262 se
356 3198 430 3284 ipso
462 3205 496 3261 et
525 3197 706 3262 confirmat
732 3196 945 3283 Porphyrius
969 3197 1005 3261 in
1025 3197 1120 3261 Vita
1153 3198 1322 3282 Plotini,
1345 3197 1436 3282 quod

298 3322 466 3388 maleficia
490 3321 667 3387 cuiusdam
691 3321 871 3408 Aegyptii,
897 3322 1022 3407 quibus
1046 3321 1223 3387 nitebatur
1246 3322 1378 3387 vincire
1403 3329 1437 3387 et

297 3450 502 3514 maleficiare
528 3448 721 3529 Plotinum,
746 3449 782 3513 iu
815 3449 929 3536 ipsum
956 3449 1134 3514 authorem
1159 3457 1240 3515 sunt
1264 3471 1437 3515 conversa.

232 3578 275 3641 25
298 3576 343 3639 Et
361 3575 444 3639 haec
473 3574 528 3639 De
558 3573 737 3639 vinculis
766 3573 804 3637 in
821 3596 946 3659 genere
966 3574 1058 3639 diota
1078 3574 1157 3639 sint.

802 3779 938 3845 FINIs.

391 4107 406 4154 7
430 4098 539 4171 smiles
559 4103 602 4153 M:
626 4102 791 4169 spirituales
816 4102 838 4151 0
918 4104 934 4151 8
958 4102 993 4151 ad
1013 4118 1061 4152 om.
1084 4105 1106 4154 (J
1183 4105 1212 4152 ll
1237 4104 1395 4153 retundant
1418 4105 1440 4154 0

298 4188 330 4237 22
346 4187 514 4251 Porphiriua
531 4185 583 4238 OM
644 4182 711 4234 Vita
722 4182 840 4250 Plotini]
854 4189 868 4247 5
881 4185 914 4232 10
