<?xml version="1.0" encoding="UTF-8"?>
<!DOCTYPE html PUBLIC "-//W3C//DTD XHTML 1.0 Transitional//EN"
    "http://www.w3.org/TR/xhtml1/DTD/xhtml1-transitional.dtd">
<html xmlns="http://www.w3.org/1999/xhtml" xml:lang="en" lang="en">
 <head>
  <title>
</title>
<meta http-equiv="Content-Type" content="text/html;charset=utf-8" />
  <meta name='ocr-system' content='tesseract 3.04.00' />
  <meta name='ocr-capabilities' content='ocr_page ocr_carea ocr_par ocr_line ocrx_word'/>
</head>
<body>
  <div class='ocr_page' id='page_1' title='image "./jordanibruninol05brungoog_0487.png"; bbox 0 0 3488 5108; ppageno 0'>
   <div class='ocr_carea' id='block_1_1' title="bbox 725 362 987 409">
    <p class='ocr_par' dir='ltr' id='par_1_1' title="bbox 725 362 987 409">
     <span class='ocr_line' id='line_1_1' title="bbox 725 362 987 409; baseline 0.004 -3"><span class='ocrx_word' id='word_1_1' title='bbox 725 363 865 409; x_wconf 71' lang='lat' dir='ltr'><strong>rounam</strong></span> <span class='ocrx_word' id='word_1_2' title='bbox 885 362 987 409; x_wconf 75' lang='lat' dir='ltr'>BRVNI</span> 
     </span>
    </p>
   </div>
   <div class='ocr_carea' id='block_1_2' title="bbox 473 716 1597 803">
    <p class='ocr_par' dir='ltr' id='par_1_2' title="bbox 473 716 1597 803">
     <span class='ocr_line' id='line_1_2' title="bbox 473 716 1597 803; baseline 0.001 -12"><span class='ocrx_word' id='word_1_3' title='bbox 473 751 590 798; x_wconf 80' lang='lat' dir='ltr'><strong>Quomodo</strong></span> <span class='ocrx_word' id='word_1_4' title='bbox 604 762 697 802; x_wconf 75' lang='lat' dir='ltr'><strong>magnes</strong></span> <span class='ocrx_word' id='word_1_5' title='bbox 711 752 787 792; x_wconf 81' lang='lat' dir='ltr'><strong>trahat</strong></span> <span class='ocrx_word' id='word_1_6' title='bbox 800 754 897 802; x_wconf 80' lang='lat' dir='ltr'><strong>ferrum,</strong></span> <span class='ocrx_word' id='word_1_7' title='bbox 912 753 1029 793; x_wconf 73' lang='lat' dir='ltr'><strong>corallium</strong></span> <span class='ocrx_word' id='word_1_8' title='bbox 1043 753 1177 803; x_wconf 72' lang='lat' dir='ltr'><strong>sanguinem</strong></span> <span class='ocrx_word' id='word_1_9' title='bbox 1192 757 1235 792; x_wconf 77' lang='lat' dir='ltr'><strong>ero.</strong></span> <span class='ocrx_word' id='word_1_10' title='bbox 1452 717 1546 781; x_wconf 62' lang='lat'><strong>64&#39;</strong></span> <span class='ocrx_word' id='word_1_11' title='bbox 1558 716 1597 780; x_wconf 70' lang='grc' dir='ltr'>ο</span> 
     </span>
    </p>
   </div>
   <div class='ocr_carea' id='block_1_3' title="bbox 215 1088 1611 3813">
    <p class='ocr_par' dir='ltr' id='par_1_3' title="bbox 286 1088 1432 1430">
     <span class='ocr_line' id='line_1_3' title="bbox 375 1088 1430 1175; baseline -0.007 -13"><span class='ocrx_word' id='word_1_12' title='bbox 375 1107 467 1162; x_wconf 69' lang='lat' dir='ltr'><strong>(xm)</strong></span> <span class='ocrx_word' id='word_1_13' title='bbox 481 1091 535 1155; x_wconf 83' lang='lat' dir='ltr'><strong>Ex</strong></span> <span class='ocrx_word' id='word_1_14' title='bbox 557 1089 634 1155; x_wconf 87' lang='lat' dir='ltr'><strong>istis</strong></span> <span class='ocrx_word' id='word_1_15' title='bbox 661 1088 817 1174; x_wconf 89' lang='lat' dir='ltr'><strong>sequitur</strong></span> <span class='ocrx_word' id='word_1_16' title='bbox 845 1088 947 1171; x_wconf 86' lang='lat' dir='ltr'><strong>rati0,</strong></span> <span class='ocrx_word' id='word_1_17' title='bbox 971 1111 1039 1173; x_wconf 84' lang='lat' dir='ltr'><strong>qua</strong></span> <span class='ocrx_word' id='word_1_18' title='bbox 1066 1111 1210 1175; x_wconf 84' lang='lat' dir='ltr'><strong>magnes</strong></span> <span class='ocrx_word' id='word_1_19' title='bbox 1242 1089 1430 1155; x_wconf 89' lang='lat' dir='ltr'><strong>secundum</strong></span> 
     </span>
     <span class='ocr_line' id='line_1_4' title="bbox 286 1214 1432 1302; baseline -0.001 -20"><span class='ocrx_word' id='word_1_20' title='bbox 286 1239 395 1302; x_wconf 85' lang='lat' dir='ltr'><strong>genus</strong></span> <span class='ocrx_word' id='word_1_21' title='bbox 408 1216 564 1283; x_wconf 73' lang='lat' dir='ltr'><strong>attrahit.</strong></span> <span class='ocrx_word' id='word_1_22' title='bbox 581 1217 687 1282; x_wconf 92' lang='lat' dir='ltr'><strong>Porro</strong></span> <span class='ocrx_word' id='word_1_23' title='bbox 703 1216 866 1282; x_wconf 79' lang='lat' dir='ltr'><strong>attractio</strong></span> <span class='ocrx_word' id='word_1_24' title='bbox 882 1222 934 1281; x_wconf 88' lang='lat' dir='ltr'><strong>est</strong></span> <span class='ocrx_word' id='word_1_25' title='bbox 950 1215 1089 1302; x_wconf 80' lang='lat' dir='ltr'>duplex:</span> <span class='ocrx_word' id='word_1_26' title='bbox 1111 1214 1280 1300; x_wconf 84' lang='lat' dir='ltr'><strong>quaedam</strong></span> <span class='ocrx_word' id='word_1_27' title='bbox 1295 1238 1336 1280; x_wconf 88' lang='lat' dir='ltr'><strong>ex</strong></span> <span class='ocrx_word' id='word_1_28' title='bbox 1353 1237 1432 1282; x_wconf 90' lang='lat' dir='ltr'><strong>oon-</strong></span> 
     </span>
     <span class='ocr_line' id='line_1_5' title="bbox 286 1341 1431 1430; baseline 0 -23"><span class='ocrx_word' id='word_1_29' title='bbox 286 1365 397 1426; x_wconf 89' lang='lat' dir='ltr'><strong>sensu,</strong></span> <span class='ocrx_word' id='word_1_30' title='bbox 420 1349 460 1410; x_wconf 90' lang='lat' dir='ltr'><strong>ut</strong></span> <span class='ocrx_word' id='word_1_31' title='bbox 483 1341 620 1430; x_wconf 90' lang='lat' dir='ltr'><strong>quando</strong></span> <span class='ocrx_word' id='word_1_32' title='bbox 644 1348 760 1430; x_wconf 89' lang='lat' dir='ltr'><strong>partes</strong></span> <span class='ocrx_word' id='word_1_33' title='bbox 783 1347 966 1407; x_wconf 89' lang='lat' dir='ltr'><strong>moventur</strong></span> <span class='ocrx_word' id='word_1_34' title='bbox 990 1341 1033 1406; x_wconf 90' lang='lat' dir='ltr'><strong>ad</strong></span> <span class='ocrx_word' id='word_1_35' title='bbox 1056 1363 1157 1406; x_wconf 89' lang='lat' dir='ltr'><strong>suum</strong></span> <span class='ocrx_word' id='word_1_36' title='bbox 1176 1346 1303 1425; x_wconf 90' lang='lat' dir='ltr'><strong>totum,</strong></span> <span class='ocrx_word' id='word_1_37' title='bbox 1317 1342 1431 1407; x_wconf 89' lang='lat' dir='ltr'><strong>locata</strong></span> 
     </span>
    </p>

    <p class='ocr_par' dir='ltr' id='par_1_4' title="bbox 242 1465 1432 2058">
     <span class='ocr_line' id='line_1_6' title="bbox 242 1465 1432 1554; baseline -0.001 -21"><span class='ocrx_word' id='word_1_38' title='bbox 242 1472 262 1534; x_wconf 77' lang='grc' dir='ltr'>ὅ</span> <span class='ocrx_word' id='word_1_39' title='bbox 286 1467 329 1533; x_wconf 90' lang='lat' dir='ltr'><strong>ad</strong></span> <span class='ocrx_word' id='word_1_40' title='bbox 348 1490 448 1533; x_wconf 89' lang='lat' dir='ltr'><strong>suum</strong></span> <span class='ocrx_word' id='word_1_41' title='bbox 467 1467 593 1550; x_wconf 88' lang='lat' dir='ltr'><strong>locum,</strong></span> <span class='ocrx_word' id='word_1_42' title='bbox 616 1467 744 1533; x_wconf 83' lang='lat' dir='ltr'><strong>similia</strong></span> <span class='ocrx_word' id='word_1_43' title='bbox 767 1467 951 1554; x_wconf 85' lang='lat' dir='ltr'><strong>rapiuntur</strong></span> <span class='ocrx_word' id='word_1_44' title='bbox 978 1489 998 1531; x_wconf 91' lang='lat' dir='ltr'><strong>a</strong></span> <span class='ocrx_word' id='word_1_45' title='bbox 1029 1465 1216 1550; x_wconf 76' lang='lat' dir='ltr'><strong>similibuS,</strong></span> <span class='ocrx_word' id='word_1_46' title='bbox 1244 1471 1279 1531; x_wconf 89' lang='lat' dir='ltr'><strong>et</strong></span> <span class='ocrx_word' id='word_1_47' title='bbox 1309 1489 1432 1532; x_wconf 86' lang='lat' dir='ltr'><strong>eonve-</strong></span> 
     </span>
     <span class='ocr_line' id='line_1_7' title="bbox 286 1591 1429 1686; baseline -0.001 -28"><span class='ocrx_word' id='word_1_48' title='bbox 286 1592 417 1658; x_wconf 89' lang='lat' dir='ltr'><strong>nientia</strong></span> <span class='ocrx_word' id='word_1_49' title='bbox 432 1615 454 1658; x_wconf 91' lang='lat' dir='ltr'><strong>a</strong></span> <span class='ocrx_word' id='word_1_50' title='bbox 470 1593 768 1674; x_wconf 86' lang='lat' dir='ltr'><strong>convenientibus;</strong></span> <span class='ocrx_word' id='word_1_51' title='bbox 785 1592 920 1658; x_wconf 88' lang='lat' dir='ltr'><strong>aliaest</strong></span> <span class='ocrx_word' id='word_1_52' title='bbox 935 1591 1009 1657; x_wconf 86' lang='lat' dir='ltr'><strong>sine</strong></span> <span class='ocrx_word' id='word_1_53' title='bbox 1029 1613 1210 1686; x_wconf 84' lang='lat' dir='ltr'><strong>consensu,</strong></span> <span class='ocrx_word' id='word_1_54' title='bbox 1232 1599 1271 1657; x_wconf 88' lang='lat' dir='ltr'><strong>ut</strong></span> <span class='ocrx_word' id='word_1_55' title='bbox 1290 1592 1429 1676; x_wconf 88' lang='lat' dir='ltr'><strong>quando</strong></span> 
     </span>
     <span class='ocr_line' id='line_1_8' title="bbox 285 1716 1426 1805; baseline 0 -21"><span class='ocrx_word' id='word_1_56' title='bbox 285 1719 496 1785; x_wconf 84' lang='lat' dir='ltr'><strong>contrarium</strong></span> <span class='ocrx_word' id='word_1_57' title='bbox 515 1719 705 1784; x_wconf 87' lang='lat' dir='ltr'><strong>trahitura</strong></span> <span class='ocrx_word' id='word_1_58' title='bbox 735 1718 908 1784; x_wconf 89' lang='lat' dir='ltr'><strong>contrario</strong></span> <span class='ocrx_word' id='word_1_59' title='bbox 935 1724 1077 1805; x_wconf 89' lang='lat' dir='ltr'><strong>propter</strong></span> <span class='ocrx_word' id='word_1_60' title='bbox 1106 1716 1288 1783; x_wconf 86' lang='lat' dir='ltr'><strong>victoriam</strong></span> <span class='ocrx_word' id='word_1_61' title='bbox 1317 1717 1426 1803; x_wconf 86' lang='lat' dir='ltr'><strong>illius,</strong></span> 
     </span>
     <span class='ocr_line' id='line_1_9' title="bbox 284 1842 1429 1932; baseline -0.002 -21"><span class='ocrx_word' id='word_1_62' title='bbox 284 1843 376 1931; x_wconf 89' lang='lat' dir='ltr'><strong>quod</strong></span> <span class='ocrx_word' id='word_1_63' title='bbox 408 1867 477 1910; x_wconf 90' lang='lat' dir='ltr'><strong>non</strong></span> <span class='ocrx_word' id='word_1_64' title='bbox 507 1850 622 1932; x_wconf 90' lang='lat' dir='ltr'><strong>potest</strong></span> <span class='ocrx_word' id='word_1_65' title='bbox 654 1844 819 1930; x_wconf 83' lang='lat' dir='ltr'><strong>effugere,</strong></span> <span class='ocrx_word' id='word_1_66' title='bbox 851 1850 890 1909; x_wconf 89' lang='lat' dir='ltr'><strong>ut</strong></span> <span class='ocrx_word' id='word_1_67' title='bbox 921 1843 1057 1928; x_wconf 87' lang='lat' dir='ltr'><strong>quando</strong></span> <span class='ocrx_word' id='word_1_68' title='bbox 1088 1844 1131 1909; x_wconf 89' lang='lat' dir='ltr'><strong>ab</strong></span> <span class='ocrx_word' id='word_1_69' title='bbox 1159 1842 1241 1928; x_wconf 83' lang='lat' dir='ltr'><strong>igne</strong></span> <span class='ocrx_word' id='word_1_70' title='bbox 1268 1850 1429 1931; x_wconf 81' lang='lat' dir='ltr'><strong>raptatur</strong></span> 
     </span>
     <span class='ocr_line' id='line_1_10' title="bbox 283 1969 1426 2058; baseline 0 -24"><span class='ocrx_word' id='word_1_71' title='bbox 283 1969 418 2054; x_wconf 92' lang='lat' dir='ltr'><strong>humor,</strong></span> <span class='ocrx_word' id='word_1_72' title='bbox 448 1979 488 2036; x_wconf 92' lang='lat' dir='ltr'><strong>ut</strong></span> <span class='ocrx_word' id='word_1_73' title='bbox 514 1977 612 2058; x_wconf 89' lang='lat' dir='ltr'><strong>patet</strong></span> <span class='ocrx_word' id='word_1_74' title='bbox 639 1970 677 2035; x_wconf 89' lang='lat' dir='ltr'><strong>in</strong></span> <span class='ocrx_word' id='word_1_75' title='bbox 700 1970 794 2057; x_wconf 88' lang='lat' dir='ltr'><strong>pelvi</strong></span> <span class='ocrx_word' id='word_1_76' title='bbox 821 1969 935 2056; x_wconf 82' lang='lat' dir='ltr'><strong>ignita</strong></span> <span class='ocrx_word' id='word_1_77' title='bbox 963 1969 1179 2056; x_wconf 89' lang='lat' dir='ltr'><strong>superposita</strong></span> <span class='ocrx_word' id='word_1_78' title='bbox 1203 1992 1307 2056; x_wconf 87' lang='lat' dir='ltr'><strong>super</strong></span> <span class='ocrx_word' id='word_1_79' title='bbox 1332 1970 1426 2057; x_wconf 88' lang='lat' dir='ltr'><strong>pelvi</strong></span> 
     </span>
    </p>

    <p class='ocr_par' dir='ltr' id='par_1_5' title="bbox 220 2095 1611 2685">
     <span class='ocr_line' id='line_1_11' title="bbox 220 2095 1426 2182; baseline 0.002 -24"><span class='ocrx_word' id='word_1_80' title='bbox 220 2102 262 2167; x_wconf 89' lang='lat'><strong>10</strong></span> <span class='ocrx_word' id='word_1_81' title='bbox 284 2116 408 2178; x_wconf 87' lang='lat' dir='ltr'><strong>aquam</strong></span> <span class='ocrx_word' id='word_1_82' title='bbox 427 2096 641 2181; x_wconf 74' lang='lat' dir='ltr'><strong>continente,</strong></span> <span class='ocrx_word' id='word_1_83' title='bbox 661 2119 749 2182; x_wconf 84' lang='lat' dir='ltr'><strong>quae</strong></span> <span class='ocrx_word' id='word_1_84' title='bbox 766 2096 896 2162; x_wconf 90' lang='lat' dir='ltr'><strong>virtute</strong></span> <span class='ocrx_word' id='word_1_85' title='bbox 913 2095 1035 2160; x_wconf 87' lang='lat' dir='ltr'><strong>caloris</strong></span> <span class='ocrx_word' id='word_1_86' title='bbox 1052 2095 1223 2177; x_wconf 73' lang='lat' dir='ltr'><strong>sorbetur,</strong></span> <span class='ocrx_word' id='word_1_87' title='bbox 1242 2100 1281 2159; x_wconf 93' lang='lat' dir='ltr'><strong>ut</strong></span> <span class='ocrx_word' id='word_1_88' title='bbox 1298 2095 1426 2182; x_wconf 87' lang='lat' dir='ltr'><strong>raptim</strong></span> 
     </span>
     <span class='ocr_line' id='line_1_12' title="bbox 283 2219 1425 2287; baseline 0.001 -2"><span class='ocrx_word' id='word_1_89' title='bbox 283 2242 418 2286; x_wconf 89' lang='lat' dir='ltr'><strong>sursum</strong></span> <span class='ocrx_word' id='word_1_90' title='bbox 448 2222 618 2287; x_wconf 86' lang='lat' dir='ltr'><strong>ascendat.</strong></span> <span class='ocrx_word' id='word_1_91' title='bbox 649 2221 746 2287; x_wconf 82' lang='lat' dir='ltr'><strong>Idem</strong></span> <span class='ocrx_word' id='word_1_92' title='bbox 777 2229 829 2286; x_wconf 87' lang='lat' dir='ltr'><strong>est</strong></span> <span class='ocrx_word' id='word_1_93' title='bbox 858 2221 1084 2287; x_wconf 80' lang='lat' dir='ltr'><strong>mauilbstum‘</strong></span> <span class='ocrx_word' id='word_1_94' title='bbox 1110 2220 1148 2284; x_wconf 93' lang='lat' dir='ltr'><strong>in</strong></span> <span class='ocrx_word' id='word_1_95' title='bbox 1176 2219 1370 2287; x_wconf 83' lang='lat' dir='ltr'><strong>vorticibus</strong></span> <span class='ocrx_word' id='word_1_96' title='bbox 1390 2228 1425 2286; x_wconf 92' lang='lat' dir='ltr'><strong>et</strong></span> 
     </span>
     <span class='ocr_line' id='line_1_13' title="bbox 283 2345 1426 2432; baseline -0.001 -21"><span class='ocrx_word' id='word_1_97' title='bbox 283 2345 482 2412; x_wconf 86' lang='lat' dir='ltr'><strong>turbinibus</strong></span> <span class='ocrx_word' id='word_1_98' title='bbox 502 2346 617 2430; x_wconf 90' lang='lat' dir='ltr'><strong>quiin</strong></span> <span class='ocrx_word' id='word_1_99' title='bbox 636 2347 723 2411; x_wconf 90' lang='lat' dir='ltr'><strong>mari</strong></span> <span class='ocrx_word' id='word_1_100' title='bbox 742 2346 918 2430; x_wconf 89' lang='lat' dir='ltr'><strong>accidunt,</strong></span> <span class='ocrx_word' id='word_1_101' title='bbox 938 2353 978 2413; x_wconf 93' lang='lat' dir='ltr'><strong>ut</strong></span> <span class='ocrx_word' id='word_1_102' title='bbox 996 2346 1173 2412; x_wconf 87' lang='lat' dir='ltr'><strong>interdum</strong></span> <span class='ocrx_word' id='word_1_103' title='bbox 1203 2346 1298 2432; x_wconf 88' lang='lat' dir='ltr'><strong>ipsae</strong></span> <span class='ocrx_word' id='word_1_104' title='bbox 1317 2369 1426 2412; x_wconf 75' lang='lat' dir='ltr'><strong>naves</strong></span> 
     </span>
     <span class='ocr_line' id='line_1_14' title="bbox 285 2470 1427 2558; baseline 0 -22"><span class='ocrx_word' id='word_1_105' title='bbox 285 2494 362 2538; x_wconf 89' lang='lat' dir='ltr'><strong>oum</strong></span> <span class='ocrx_word' id='word_1_106' title='bbox 389 2471 491 2537; x_wconf 89' lang='lat' dir='ltr'><strong>undis</strong></span> <span class='ocrx_word' id='word_1_107' title='bbox 519 2471 557 2536; x_wconf 90' lang='lat' dir='ltr'><strong>in</strong></span> <span class='ocrx_word' id='word_1_108' title='bbox 581 2470 726 2537; x_wconf 90' lang='lat' dir='ltr'><strong>sublime</strong></span> <span class='ocrx_word' id='word_1_109' title='bbox 753 2471 797 2536; x_wconf 88' lang='lat' dir='ltr'><strong>ad</strong></span> <span class='ocrx_word' id='word_1_110' title='bbox 825 2472 972 2538; x_wconf 89' lang='lat' dir='ltr'><strong>multam</strong></span> <span class='ocrx_word' id='word_1_111' title='bbox 1000 2471 1203 2537; x_wconf 83' lang='lat' dir='ltr'><strong>distantiam</strong></span> <span class='ocrx_word' id='word_1_112' title='bbox 1233 2472 1427 2558; x_wconf 87' lang='lat' dir='ltr'><strong>rapiantur.</strong></span> 
     </span>
     <span class='ocr_line' id='line_1_15' title="bbox 284 2596 1611 2685; baseline 0.002 -24"><span class='ocrx_word' id='word_1_113' title='bbox 284 2596 341 2661; x_wconf 88' lang='lat' dir='ltr'><strong>Sic</strong></span> <span class='ocrx_word' id='word_1_114' title='bbox 359 2620 440 2663; x_wconf 91' lang='lat' dir='ltr'><strong>voro</strong></span> <span class='ocrx_word' id='word_1_115' title='bbox 459 2597 536 2684; x_wconf 88' lang='lat' dir='ltr'><strong>rapi</strong></span> <span class='ocrx_word' id='word_1_116' title='bbox 556 2597 729 2684; x_wconf 86' lang='lat' dir='ltr'><strong>contingit</strong></span> <span class='ocrx_word' id='word_1_117' title='bbox 747 2597 940 2684; x_wconf 80' lang='lat' dir='ltr'><strong>tripliciter.</strong></span> <span class='ocrx_word' id='word_1_118' title='bbox 961 2598 1039 2665; x_wconf 91' lang='lat' dir='ltr'><strong>Uno</strong></span> <span class='ocrx_word' id='word_1_119' title='bbox 1058 2605 1159 2685; x_wconf 90' lang='lat' dir='ltr'><strong>pacto</strong></span> <span class='ocrx_word' id='word_1_120' title='bbox 1188 2620 1250 2685; x_wconf 90' lang='lat' dir='ltr'><strong>per</strong></span> <span class='ocrx_word' id='word_1_121' title='bbox 1274 2597 1426 2663; x_wconf 86' lang='lat' dir='ltr'><strong>rationes</strong></span> <span class='ocrx_word' id='word_1_122' title='bbox 1452 2608 1535 2671; x_wconf 82' lang='lat' dir='ltr'><strong>15v</strong></span> <span class='ocrx_word' id='word_1_123' title='bbox 1553 2611 1611 2673; x_wconf 91' lang='lat' dir='ltr'><strong><em>M</em></strong></span> 
     </span>
    </p>

    <p class='ocr_par' dir='ltr' id='par_1_6' title="bbox 215 2721 1428 3813">
     <span class='ocr_line' id='line_1_16' title="bbox 218 2721 1428 2807; baseline -0.004 -14"><span class='ocrx_word' id='word_1_124' title='bbox 218 2726 259 2792; x_wconf 84' lang='lat'><strong>15</strong></span> <span class='ocrx_word' id='word_1_125' title='bbox 283 2722 470 2807; x_wconf 85' lang='lat' dir='ltr'><strong>sensibiles,</strong></span> <span class='ocrx_word' id='word_1_126' title='bbox 491 2730 530 2788; x_wconf 89' lang='lat' dir='ltr'><strong>ut</strong></span> <span class='ocrx_word' id='word_1_127' title='bbox 550 2721 681 2789; x_wconf 88' lang='lat' dir='ltr'><strong>inistis</strong></span> <span class='ocrx_word' id='word_1_128' title='bbox 700 2722 799 2790; x_wconf 89' lang='lat' dir='ltr'><strong>modo</strong></span> <span class='ocrx_word' id='word_1_129' title='bbox 819 2723 1022 2807; x_wconf 85' lang='lat' dir='ltr'><strong>numeratis,</strong></span> <span class='ocrx_word' id='word_1_130' title='bbox 1042 2731 1076 2788; x_wconf 93' lang='lat' dir='ltr'><strong>et</strong></span> <span class='ocrx_word' id='word_1_131' title='bbox 1095 2723 1200 2788; x_wconf 89' lang='lat' dir='ltr'><strong>etiam</strong></span> <span class='ocrx_word' id='word_1_132' title='bbox 1217 2732 1255 2788; x_wconf 89' lang='lat' dir='ltr'><strong>ut</strong></span> <span class='ocrx_word' id='word_1_133' title='bbox 1270 2723 1330 2789; x_wconf 89' lang='lat' dir='ltr'><strong>ubi</strong></span> <span class='ocrx_word' id='word_1_134' title='bbox 1350 2747 1428 2788; x_wconf 81' lang='grc'><strong>(111111</strong></span> 
     </span>
     <span class='ocr_line' id='line_1_17' title="bbox 283 2849 1426 2936; baseline -0.001 -21"><span class='ocrx_word' id='word_1_135' title='bbox 283 2849 371 2915; x_wconf 75' lang='lat' dir='ltr'><strong>aeris</strong></span> <span class='ocrx_word' id='word_1_136' title='bbox 390 2849 597 2914; x_wconf 86' lang='lat' dir='ltr'><strong>attractione</strong></span> <span class='ocrx_word' id='word_1_137' title='bbox 615 2856 649 2914; x_wconf 89' lang='lat' dir='ltr'><strong>et</strong></span> <span class='ocrx_word' id='word_1_138' title='bbox 668 2850 889 2936; x_wconf 86' lang='lat' dir='ltr'><strong>absorptione</strong></span> <span class='ocrx_word' id='word_1_139' title='bbox 909 2872 1051 2935; x_wconf 84' lang='lat' dir='ltr'><strong>eaquae</strong></span> <span class='ocrx_word' id='word_1_140' title='bbox 1070 2851 1108 2914; x_wconf 92' lang='lat' dir='ltr'><strong>in</strong></span> <span class='ocrx_word' id='word_1_141' title='bbox 1127 2857 1204 2913; x_wconf 69' lang='lat' dir='ltr'><strong>caere</strong></span> <span class='ocrx_word' id='word_1_142' title='bbox 1221 2856 1302 2915; x_wconf 84' lang='lat' dir='ltr'><strong>suut</strong></span> <span class='ocrx_word' id='word_1_143' title='bbox 1322 2851 1426 2914; x_wconf 89' lang='lat' dir='ltr'><strong>etiam</strong></span> 
     </span>
     <span class='ocr_line' id='line_1_18' title="bbox 282 2974 1428 3061; baseline 0 -20"><span class='ocrx_word' id='word_1_144' title='bbox 282 2974 524 3058; x_wconf 86' lang='lat' dir='ltr'><strong>attrahuntur;</strong></span> <span class='ocrx_word' id='word_1_145' title='bbox 545 2984 580 3040; x_wconf 87' lang='lat' dir='ltr'><strong>et</strong></span> <span class='ocrx_word' id='word_1_146' title='bbox 603 2982 655 3040; x_wconf 90' lang='lat' dir='ltr'><strong>est</strong></span> <span class='ocrx_word' id='word_1_147' title='bbox 675 2975 897 3040; x_wconf 81' lang='lat' dir='ltr'><strong>manifestum</strong></span> <span class='ocrx_word' id='word_1_148' title='bbox 921 2976 1024 3040; x_wconf 86' lang='lat' dir='ltr'><strong>etiam</strong></span> <span class='ocrx_word' id='word_1_149' title='bbox 1045 2976 1083 3039; x_wconf 90' lang='lat' dir='ltr'><strong>in</strong></span> <span class='ocrx_word' id='word_1_150' title='bbox 1102 2976 1241 3057; x_wconf 79' lang='lat' dir='ltr'><strong>fistulis,</strong></span> <span class='ocrx_word' id='word_1_151' title='bbox 1262 2999 1323 3061; x_wconf 87' lang='lat' dir='ltr'><strong>per</strong></span> <span class='ocrx_word' id='word_1_152' title='bbox 1343 2999 1428 3061; x_wconf 56' lang='lat' dir='ltr'><strong>(puae</strong></span> 
     </span>
     <span class='ocr_line' id='line_1_19' title="bbox 284 3100 1428 3185; baseline 0 -20"><span class='ocrx_word' id='word_1_153' title='bbox 284 3123 373 3185; x_wconf 86' lang='lat' dir='ltr'><strong>aqua</strong></span> <span class='ocrx_word' id='word_1_154' title='bbox 408 3102 580 3185; x_wconf 86' lang='lat' dir='ltr'><strong>sorbetur,</strong></span> <span class='ocrx_word' id='word_1_155' title='bbox 618 3101 662 3166; x_wconf 85' lang='lat' dir='ltr'><strong>ad</strong></span> <span class='ocrx_word' id='word_1_156' title='bbox 697 3101 809 3166; x_wconf 84' lang='lat' dir='ltr'><strong>omnis</strong></span> <span class='ocrx_word' id='word_1_157' title='bbox 844 3101 911 3165; x_wconf 89' lang='lat' dir='ltr'><strong>loci</strong></span> <span class='ocrx_word' id='word_1_158' title='bbox 945 3100 1159 3165; x_wconf 85' lang='lat' dir='ltr'><strong>differentias</strong></span> <span class='ocrx_word' id='word_1_159' title='bbox 1195 3100 1428 3183; x_wconf 82' lang='lat' dir='ltr'><strong>ascendenda,</strong></span> 
     </span>
     <span class='ocr_line' id='line_1_20' title="bbox 284 3226 1428 3312; baseline 0 -23"><span class='ocrx_word' id='word_1_160' title='bbox 284 3226 534 3311; x_wconf 83' lang='lat' dir='ltr'><strong>progrediendo</strong></span> <span class='ocrx_word' id='word_1_161' title='bbox 564 3250 625 3312; x_wconf 90' lang='lat' dir='ltr'><strong>per</strong></span> <span class='ocrx_word' id='word_1_162' title='bbox 654 3228 782 3291; x_wconf 87' lang='lat' dir='ltr'><strong>dictam</strong></span> <span class='ocrx_word' id='word_1_163' title='bbox 806 3227 994 3308; x_wconf 73' lang='lat' dir='ltr'><strong>rationem,</strong></span> <span class='ocrx_word' id='word_1_164' title='bbox 1016 3226 1108 3311; x_wconf 85' lang='lat' dir='ltr'><strong>quia,</strong></span> <span class='ocrx_word' id='word_1_165' title='bbox 1139 3234 1216 3290; x_wconf 64' lang='lat' dir='ltr'><strong>aere</strong></span> <span class='ocrx_word' id='word_1_166' title='bbox 1245 3227 1282 3290; x_wconf 88' lang='lat' dir='ltr'><strong>iu</strong></span> <span class='ocrx_word' id='word_1_167' title='bbox 1312 3226 1428 3290; x_wconf 84' lang='lat' dir='ltr'><strong>fistula</strong></span> 
     </span>
     <span class='ocr_line' id='line_1_21' title="bbox 215 3351 1428 3433; baseline -0.001 -17"><span class='ocrx_word' id='word_1_168' title='bbox 215 3353 259 3416; x_wconf 79' lang='lat'><strong>20</strong></span> <span class='ocrx_word' id='word_1_169' title='bbox 282 3358 444 3416; x_wconf 83' lang='lat' dir='ltr'><strong>contento</strong></span> <span class='ocrx_word' id='word_1_170' title='bbox 464 3358 627 3433; x_wconf 87' lang='lat' dir='ltr'><strong>attract0,</strong></span> <span class='ocrx_word' id='word_1_171' title='bbox 647 3374 722 3416; x_wconf 89' lang='lat' dir='ltr'><strong>oum</strong></span> <span class='ocrx_word' id='word_1_172' title='bbox 743 3353 830 3418; x_wconf 87' lang='lat' dir='ltr'><strong>alius</strong></span> <span class='ocrx_word' id='word_1_173' title='bbox 860 3362 918 3417; x_wconf 72' lang='lat' dir='ltr'><strong>aer</strong></span> <span class='ocrx_word' id='word_1_174' title='bbox 948 3353 1021 3416; x_wconf 84' lang='lat' dir='ltr'><strong>loco</strong></span> <span class='ocrx_word' id='word_1_175' title='bbox 1047 3352 1139 3416; x_wconf 85' lang='lat' dir='ltr'><strong>illius</strong></span> <span class='ocrx_word' id='word_1_176' title='bbox 1159 3351 1338 3416; x_wconf 83' lang='lat' dir='ltr'><strong>succedere</strong></span> <span class='ocrx_word' id='word_1_177' title='bbox 1358 3373 1428 3416; x_wconf 89' lang='lat' dir='ltr'><strong>non</strong></span> 
     </span>
     <span class='ocr_line' id='line_1_22' title="bbox 281 3475 1428 3562; baseline 0 -24"><span class='ocrx_word' id='word_1_178' title='bbox 281 3476 403 3561; x_wconf 83' lang='lat' dir='ltr'><strong>possit,</strong></span> <span class='ocrx_word' id='word_1_179' title='bbox 424 3477 584 3542; x_wconf 88' lang='lat' dir='ltr'><strong>succedat</strong></span> <span class='ocrx_word' id='word_1_180' title='bbox 604 3499 693 3562; x_wconf 82' lang='lat' dir='ltr'><strong>aqua</strong></span> <span class='ocrx_word' id='word_1_181' title='bbox 722 3477 777 3543; x_wconf 85' lang='lat' dir='ltr'><strong>vel</strong></span> <span class='ocrx_word' id='word_1_182' title='bbox 807 3484 899 3542; x_wconf 87' lang='lat' dir='ltr'><strong>terra</strong></span> <span class='ocrx_word' id='word_1_183' title='bbox 929 3478 985 3541; x_wconf 87' lang='lat' dir='ltr'><strong>vel</strong></span> <span class='ocrx_word' id='word_1_184' title='bbox 1009 3476 1103 3541; x_wconf 86' lang='lat' dir='ltr'><strong>aliud</strong></span> <span class='ocrx_word' id='word_1_185' title='bbox 1122 3475 1213 3560; x_wconf 78' lang='lat' dir='ltr'><strong>quod</strong></span> <span class='ocrx_word' id='word_1_186' title='bbox 1233 3477 1347 3541; x_wconf 83' lang='lat' dir='ltr'><strong>locum</strong></span> <span class='ocrx_word' id='word_1_187' title='bbox 1366 3476 1428 3540; x_wconf 88' lang='lat' dir='ltr'><strong>im-</strong></span> 
     </span>
     <span class='ocr_line' id='line_1_23' title="bbox 281 3601 1427 3689; baseline 0 -24"><span class='ocrx_word' id='word_1_188' title='bbox 281 3601 384 3686; x_wconf 87' lang='lat' dir='ltr'><strong>pleat.</strong></span> <span class='ocrx_word' id='word_1_189' title='bbox 408 3602 506 3679; x_wconf 79' lang='lat' dir='ltr'><strong>Quod</strong></span> <span class='ocrx_word' id='word_1_190' title='bbox 525 3604 553 3667; x_wconf 85' lang='lat' dir='ltr'><strong>si</strong></span> <span class='ocrx_word' id='word_1_191' title='bbox 572 3602 660 3667; x_wconf 86' lang='lat' dir='ltr'><strong>nibil</strong></span> <span class='ocrx_word' id='word_1_192' title='bbox 681 3602 859 3668; x_wconf 84' lang='lat' dir='ltr'><strong>succedere</strong></span> <span class='ocrx_word' id='word_1_193' title='bbox 877 3603 1001 3689; x_wconf 88' lang='lat' dir='ltr'><strong>possit,</strong></span> <span class='ocrx_word' id='word_1_194' title='bbox 1022 3610 1079 3666; x_wconf 83' lang='lat' dir='ltr'><strong>a&#39;e&#39;r</strong></span> <span class='ocrx_word' id='word_1_195' title='bbox 1098 3601 1173 3687; x_wconf 84' lang='lat' dir='ltr'><strong>ipsa</strong></span> <span class='ocrx_word' id='word_1_196' title='bbox 1193 3602 1298 3687; x_wconf 82' lang='lat' dir='ltr'><strong>spatii</strong></span> <span class='ocrx_word' id='word_1_197' title='bbox 1322 3602 1357 3665; x_wconf 84' lang='lat' dir='ltr'><strong>vi</strong></span> <span class='ocrx_word' id='word_1_198' title='bbox 1378 3625 1427 3665; x_wconf 88' lang='lat' dir='ltr'><strong>re-</strong></span> 
     </span>
     <span class='ocr_line' id='line_1_24' title="bbox 281 3727 1427 3813; baseline -0.001 -22"><span class='ocrx_word' id='word_1_199' title='bbox 281 3732 425 3791; x_wconf 83' lang='lat' dir='ltr'><strong>vocatur</strong></span> <span class='ocrx_word' id='word_1_200' title='bbox 448 3735 483 3791; x_wconf 88' lang='lat' dir='ltr'><strong>et</strong></span> <span class='ocrx_word' id='word_1_201' title='bbox 507 3728 691 3812; x_wconf 77' lang='lat' dir='ltr'><strong>retinetur,</strong></span> <span class='ocrx_word' id='word_1_202' title='bbox 712 3735 751 3792; x_wconf 90' lang='lat' dir='ltr'><strong>ut</strong></span> <span class='ocrx_word' id='word_1_203' title='bbox 775 3736 871 3813; x_wconf 86' lang='lat' dir='ltr'><strong>patet</strong></span> <span class='ocrx_word' id='word_1_204' title='bbox 903 3728 1076 3792; x_wconf 84' lang='lat' dir='ltr'><strong>interdum</strong></span> <span class='ocrx_word' id='word_1_205' title='bbox 1106 3727 1337 3812; x_wconf 77' lang='lat' dir='ltr'><strong>exurgent-ibus</strong></span> <span class='ocrx_word' id='word_1_206' title='bbox 1371 3727 1427 3793; x_wconf 85' lang='lat' dir='ltr'><strong>vel</strong></span> 
     </span>
    </p>
   </div>
   <div class='ocr_carea' id='block_1_4' title="bbox 281 3851 1427 3938">
    <p class='ocr_par' dir='ltr' id='par_1_7' title="bbox 281 3851 1427 3938">
     <span class='ocr_line' id='line_1_25' title="bbox 281 3851 1427 3938; baseline 0.001 -22"><span class='ocrx_word' id='word_1_207' title='bbox 281 3851 501 3918; x_wconf 87' lang='lat' dir='ltr'><strong>ebibentibus</strong></span> <span class='ocrx_word' id='word_1_208' title='bbox 530 3853 658 3918; x_wconf 86' lang='lat' dir='ltr'><strong>orificio</strong></span> <span class='ocrx_word' id='word_1_209' title='bbox 692 3854 882 3937; x_wconf 80' lang='lat' dir='ltr'><strong>obstructa,</strong></span> <span class='ocrx_word' id='word_1_210' title='bbox 919 3875 1066 3936; x_wconf 66' lang='lat' dir='ltr'><strong>qarorum</strong></span> <span class='ocrx_word' id='word_1_211' title='bbox 1095 3853 1216 3938; x_wconf 81' lang='lat' dir='ltr'><strong>lingua</strong></span> <span class='ocrx_word' id='word_1_212' title='bbox 1252 3852 1306 3917; x_wconf 78' lang='lat' dir='ltr'><strong>vel</strong></span> <span class='ocrx_word' id='word_1_213' title='bbox 1329 3853 1427 3918; x_wconf 87' lang='lat' dir='ltr'><strong>labra</strong></span> 
     </span>
    </p>
   </div>
   <div class='ocr_carea' id='block_1_5' title="bbox 1231 4058 1418 4067">
    <p class='ocr_par' dir='ltr' id='par_1_8' title="bbox 1231 4058 1418 4067">
     <span class='ocr_line' id='line_1_26' title="bbox 1231 4058 1418 4067; baseline 0 0"><span class='ocrx_word' id='word_1_214' title='bbox 1231 4058 1418 4067; x_wconf 78' lang='lat' dir='ltr'><strong>——u</strong></span> 
     </span>
    </p>
   </div>
   <div class='ocr_carea' id='block_1_6' title="bbox 279 4180 1425 4472">
    <p class='ocr_par' dir='ltr' id='par_1_9' title="bbox 279 4180 1425 4472">
     <span class='ocr_line' id='line_1_27' title="bbox 373 4180 1425 4247; baseline 0 -17"><span class='ocrx_word' id='word_1_215' title='bbox 373 4183 387 4230; x_wconf 90' lang='lat' dir='ltr'><strong>l</strong></span> <span class='ocrx_word' id='word_1_216' title='bbox 402 4196 456 4243; x_wconf 77' lang='lat' dir='ltr'><strong>sqq.</strong></span> <span class='ocrx_word' id='word_1_217' title='bbox 469 4182 504 4244; x_wconf 76' lang='lat' dir='ltr'><strong>of.</strong></span> <span class='ocrx_word' id='word_1_218' title='bbox 518 4196 604 4244; x_wconf 81' lang='lat' dir='ltr'><strong>sopra</strong></span> <span class='ocrx_word' id='word_1_219' title='bbox 615 4197 644 4243; x_wconf 83' lang='lat' dir='ltr'><strong>p.</strong></span> <span class='ocrx_word' id='word_1_220' title='bbox 659 4183 722 4241; x_wconf 68' lang='lat'><strong>341),</strong></span> <span class='ocrx_word' id='word_1_221' title='bbox 734 4183 769 4230; x_wconf 79' lang='lat'><strong>28</strong></span> <span class='ocrx_word' id='word_1_222' title='bbox 780 4198 832 4245; x_wconf 80' lang='lat' dir='ltr'><strong>sqq.</strong></span> <span class='ocrx_word' id='word_1_223' title='bbox 881 4183 897 4231; x_wconf 79' lang='lat'>2</span> <span class='ocrx_word' id='word_1_224' title='bbox 910 4199 923 4230; x_wconf 84' lang='lat' dir='ltr'><strong>e</strong></span> <span class='ocrx_word' id='word_1_225' title='bbox 938 4184 975 4231; x_wconf 84' lang='lat'><strong>10.</strong></span> <span class='ocrx_word' id='word_1_226' title='bbox 988 4185 1016 4232; x_wconf 91' lang='lat' dir='ltr'><strong>ll</strong></span> <span class='ocrx_word' id='word_1_227' title='bbox 1033 4181 1060 4231; x_wconf 80' lang='lat' dir='ltr'><strong>iu</strong></span> <span class='ocrx_word' id='word_1_228' title='bbox 1074 4199 1158 4247; x_wconf 68' lang='lat' dir='ltr'><strong>triarq.</strong></span> <span class='ocrx_word' id='word_1_229' title='bbox 1170 4189 1233 4232; x_wconf 69' lang='lat' dir='ltr'><strong>viola</strong></span> <span class='ocrx_word' id='word_1_230' title='bbox 1242 4180 1384 4247; x_wconf 68' lang='lat' dir='ltr'><strong>illcppibilc</strong></span> <span class='ocrx_word' id='word_1_231' title='bbox 1393 4181 1425 4231; x_wconf 84' lang='grc' dir='ltr'><em>Μ</em></span> 
     </span>
     <span class='ocr_line' id='line_1_28' title="bbox 279 4260 1425 4326; baseline 0.004 -19"><span class='ocrx_word' id='word_1_232' title='bbox 279 4260 295 4307; x_wconf 87' lang='grc'>2</span> <span class='ocrx_word' id='word_1_233' title='bbox 316 4266 380 4326; x_wconf 88' lang='lat' dir='ltr'><strong>qua]</strong></span> <span class='ocrx_word' id='word_1_234' title='bbox 404 4276 487 4325; x_wconf 86' lang='lat' dir='ltr'><strong>quam</strong></span> <span class='ocrx_word' id='word_1_235' title='bbox 511 4261 564 4310; x_wconf 84' lang='lat' dir='ltr'><strong>OM</strong></span> <span class='ocrx_word' id='word_1_236' title='bbox 625 4261 640 4309; x_wconf 82' lang='lat'><strong>3</strong></span> <span class='ocrx_word' id='word_1_237' title='bbox 661 4263 783 4311; x_wconf 84' lang='lat' dir='ltr'><strong>attrahit</strong></span> <span class='ocrx_word' id='word_1_238' title='bbox 803 4264 911 4312; x_wconf 82' lang='lat' dir='ltr'><strong>ferrum</strong></span> <span class='ocrx_word' id='word_1_239' title='bbox 936 4264 957 4314; x_wconf 82' lang='lat'><em>0</em></span> <span class='ocrx_word' id='word_1_240' title='bbox 1021 4264 1075 4312; x_wconf 63' lang='lat' dir='ltr'><strong>{ab</strong></span> <span class='ocrx_word' id='word_1_241' title='bbox 1097 4266 1301 4313; x_wconf 83' lang='lat' dir='ltr'><strong>convenientia</strong></span> <span class='ocrx_word' id='word_1_242' title='bbox 1325 4279 1373 4312; x_wconf 87' lang='lat' dir='ltr'><strong>om.</strong></span> <span class='ocrx_word' id='word_1_243' title='bbox 1404 4264 1425 4312; x_wconf 75' lang='grc'><strong><em>0</em></strong></span> 
     </span>
     <span class='ocr_line' id='line_1_29' title="bbox 281 4340 1425 4409; baseline 0.006 -21"><span class='ocrx_word' id='word_1_244' title='bbox 281 4342 297 4388; x_wconf 77' lang='grc'><strong>9</strong></span> <span class='ocrx_word' id='word_1_245' title='bbox 311 4341 340 4389; x_wconf 89' lang='lat' dir='ltr'><strong>in</strong></span> <span class='ocrx_word' id='word_1_246' title='bbox 353 4341 430 4404; x_wconf 86' lang='lat' dir='ltr'><strong>pelvi</strong></span> <span class='ocrx_word' id='word_1_247' title='bbox 439 4340 533 4404; x_wconf 74' lang='lat' dir='ltr'><strong>ignita</strong></span> <span class='ocrx_word' id='word_1_248' title='bbox 544 4341 725 4407; x_wconf 86' lang='lat' dir='ltr'><strong>superposita</strong></span> <span class='ocrx_word' id='word_1_249' title='bbox 733 4342 764 4391; x_wconf 77' lang='lat' dir='ltr'><em>M</em></span> <span class='ocrx_word' id='word_1_250' title='bbox 771 4359 776 4391; x_wconf 92' lang='lat'>:</span> <span class='ocrx_word' id='word_1_251' title='bbox 788 4342 880 4405; x_wconf 81' lang='lat' dir='ltr'><strong>ignita</strong></span> <span class='ocrx_word' id='word_1_252' title='bbox 892 4345 920 4393; x_wconf 87' lang='lat' dir='ltr'><strong>iu</strong></span> <span class='ocrx_word' id='word_1_253' title='bbox 932 4344 1008 4408; x_wconf 87' lang='lat' dir='ltr'><strong>pelvi</strong></span> <span class='ocrx_word' id='word_1_254' title='bbox 1022 4347 1230 4409; x_wconf 83' lang='lat' dir='ltr'><strong>superpositam</strong></span> <span class='ocrx_word' id='word_1_255' title='bbox 1245 4345 1267 4396; x_wconf 82' lang='lat'><em>0</em></span> <span class='ocrx_word' id='word_1_256' title='bbox 1313 4346 1343 4393; x_wconf 78' lang='lat'><strong>15</strong></span> <span class='ocrx_word' id='word_1_257' title='bbox 1360 4360 1425 4395; x_wconf 87' lang='lat' dir='ltr'><strong>oum</strong></span> 
     </span>
     <span class='ocr_line' id='line_1_30' title="bbox 281 4421 697 4472; baseline 0.005 -3"><span class='ocrx_word' id='word_1_258' title='bbox 281 4421 368 4471; x_wconf 77' lang='lat' dir='ltr'><strong>onaO</strong></span> <span class='ocrx_word' id='word_1_259' title='bbox 432 4423 463 4471; x_wconf 77' lang='grc'><strong>18</strong></span> <span class='ocrx_word' id='word_1_260' title='bbox 480 4421 697 4472; x_wconf 79' lang='lat' dir='ltr'><strong>etadomnisO</strong></span> 
     </span>
    </p>
   </div>
   <div class='ocr_carea' id='block_1_7' title="bbox 0 0 1748 5108">
    <p class='ocr_par' dir='ltr' id='par_1_10' title="bbox 0 0 1748 5108">
     <span class='ocr_line' id='line_1_31' title="bbox 0 0 1748 5108; baseline 0 1"><span class='ocrx_word' id='word_1_261' title='bbox 0 0 1748 5108; x_wconf 95' lang='lat' dir='ltr'><strong> </strong></span> 
     </span>
    </p>
   </div>
  </div>
 </body>
</html>
