3488 5108
455 406 545 451 usal
566 405 777 453 musteum
797 405 1013 452 ARISTOTELIS
1034 406 1233 453 nxrnsusnl.
1355 391 1413 452 371

277 580 380 644 quam
410 566 544 647 partem
571 559 628 624 vel
656 565 837 647 punctum,
867 582 938 627 non
968 561 1019 627 ita
1049 566 1101 626 est
1130 559 1223 645 finis,
1248 566 1287 626 ut
1316 560 1422 628 etiam

277 705 347 748 non
375 683 421 748 sit
450 683 674 771 principium;
704 694 889 772 propterea
918 708 938 750 a
967 686 1102 752 ratione
1129 685 1318 752 intrinseca
1349 707 1421 751 non

277 807 382 873 habet
400 807 516 892 finem,
536 808 595 874 scd
615 808 658 874 ab
683 809 874 875 extrinseca
892 816 1040 876 tantum.
1067 809 1163 876 Idem
1187 816 1303 876 autem
1327 809 1420 895 quod

277 931 423 999 dicimus
447 955 490 997 ex
517 932 734 1016 necessitate,
760 932 956 1020 intelligere
985 940 1122 1021 oportet
1142 933 1147 1022 Ι
1168 957 1240 1000 essa
1267 957 1420 1022 semper;
1445 941 1537 1004 48ν
1552 939 1588 1003 Ο

232 1074 254 1138 5
276 1059 506 1125 necessarium
536 1058 628 1124 enim
656 1079 727 1125 non
755 1058 896 1143 dicitur,
919 1058 988 1124 nisi
1018 1058 1065 1124 sit
1094 1057 1137 1124 de
1160 1060 1255 1125 omni
1277 1066 1312 1126 et
1335 1082 1421 1126 sem·

277 1208 340 1273 per
356 1185 412 1252 vel
431 1185 649 1272 simpliciter,
669 1190 709 1251 ut
733 1190 827 1250 astra
851 1185 995 1268 moveri,
1016 1206 1104 1271 quae
1128 1184 1295 1252 continuo
1314 1184 1365 1252 ita
1383 1209 1419 1252 se

277 1309 419 1393 habent,
449 1309 506 1376 vel
531 1331 594 1396 pro
618 1309 733 1394 mode,
758 1316 797 1375 ut
828 1316 920 1375 astra
949 1308 1044 1393 oriri,
1070 1309 1212 1396 opponi,
1244 1310 1422 1398 coniungi.

276 1433 333 1499 Ad
348 1434 432 1500 haec
448 1456 525 1500 cum
541 1433 671 1522 species
688 1434 759 1500 sint
774 1433 910 1516 finitae,
926 1434 1070 1500 materia
1087 1433 1171 1500 item
1185 1433 1300 1517 finita,
1317 1435 1420 1502 finita

278 1560 363 1626 item
392 1560 609 1647 singulorum
637 1560 817 1648 generatio
832 1558 835 1564 ’
848 1567 883 1626 et
911 1560 1086 1649 corruptio
1112 1568 1147 1627 et
1177 1561 1421 1627 universaliter

215 1701 256 1764 10
280 1686 391 1752 omnis
407 1683 669 1767 transmutatio,
683 1683 848 1751 nimirum
860 1686 928 1752 alia
939 1686 1075 1753 ratione
1087 1708 1157 1751 non
1168 1685 1424 1774 perpetuabun-

279 1816 338 1875 tur
353 1809 532 1896 generatio
551 1816 586 1875 et
602 1810 795 1897 corruptio,
812 1810 999 1876 secundum
1016 1810 1220 1877 continuum
1239 1815 1274 1874 et
1293 1809 1426 1896 regula-

283 1942 359 2002 tum
378 1936 534 2002 ordinem
554 1942 671 2022 atque,
692 1943 731 2002 ut
749 1935 919 2020 videmus,
934 1936 1131 2022 aequabiles
1147 1936 1314 2020 rationes,
1329 1958 1427 2023 prae·

282 2068 439 2148 terquam
455 2061 634 2128 clementis
648 2084 727 2128 cum
742 2083 860 2128 eorum
874 2061 1076 2145 virtutibus,
1093 2060 1320 2149 temporibus,
1338 2062 1427 2127 serie

282 2196 386 2275 atque
404 2189 645 2256 vicissitudine
664 2196 757 2255 certa
775 2187 1101 2255 administrantibus
1118 2188 1156 2254 in
1175 2186 1343 2255 circulum
1358 2187 1426 2254 dis·

215 2328 258 2392 15
281 2314 424 2402 positis,
453 2320 492 2381 ut
519 2314 648 2401 ubique
677 2314 757 2381 finis
787 2313 960 2400 principio
979 2313 1026 2380 sit
1044 2312 1207 2379 adnexus.
1227 2311 1286 2378 Sic
1314 2312 1425 2400 igitur

278 2448 360 2507 sunt
378 2441 463 2506 anni
486 2447 643 2528 tempora
671 2448 829 2528 respectu
856 2440 968 2511 nostri
996 2438 1151 2505 diversae
1174 2439 1256 2506 solis
1280 2440 1424 2507 circula·

278 2567 389 2632 tiones
408 2588 487 2632 cum
506 2572 599 2632 certa
622 2564 877 2648 vicissitudine,
906 2563 1061 2631 diversae
1090 2571 1312 2651 tempestates
1340 2587 1420 2631 cum

280 2714 397 2759 eorum
417 2692 597 2758 effectibus
615 2691 760 2779 perenni
779 2690 927 2777 quadam
945 2689 1118 2777 vertigine
1140 2696 1298 2756 mutuam
1317 2690 1424 2756 actio·

279 2840 359 2883 nem
377 2824 412 2882 et
434 2816 630 2903 passionem
650 2815 963 2903 compensantibus.

212 2949 258 3014 20
368 2961 402 3001 re.
434 2939 533 3019 Quod
564 2963 645 3027 ergo
676 2941 804 3006 attinet
835 2940 878 3006 ad
911 2940 1145 3028 propositum,
1180 2939 1419 3007 concludimus

280 3067 495 3155 quorundam
515 3066 655 3154 quidem
674 3089 747 3132 esse
763 3067 946 3149 circulum,
966 3065 1056 3133 sicut
1079 3067 1172 3133 enim
1196 3069 1246 3150 sol
1271 3090 1290 3132 a
1312 3069 1356 3146 ej
1380 3069 1424 3135 ad

284 3185 310 3281 ᾗ
339 3199 374 3257 et
388 3216 409 3258 a
433 3182 458 3276 ᾗ
480 3191 524 3258 ad
544 3190 606 3276 ᾧ,
624 3191 674 3257 ita
690 3214 780 3278 aqua
792 3191 829 3256 in
843 3198 957 3256 adrem
973 3198 1009 3259 et
1022 3198 1081 3258 aer
1100 3193 1137 3257 in
1156 3214 1294 3278 aquam,
1312 3192 1422 3259 hiems

280 3318 318 3384 in
334 3323 501 3385 aestatem
517 3323 552 3382 et
567 3323 679 3383 aestas
698 3316 736 3382 in
751 3316 898 3382 hiemem
914 3315 1046 3381 recidit.
1061 3316 1111 3382 At
1130 3338 1200 3382 non
1219 3317 1269 3384 ita
1288 3341 1307 3383 a
1323 3325 1422 3405 patre

281 3441 324 3509 ad
343 3441 468 3525 filium,
490 3463 509 3505 a
532 3441 605 3508 filio
623 3440 667 3507 ad
685 3448 837 3528 patrem;
857 3440 1039 3507 nonenim
1054 3440 1284 3508 necessarium
1301 3449 1352 3507 est
1373 3443 1402 3510 it

214 3570 258 3635 25
280 3576 415 3655 patrem
435 3590 506 3635 esse
524 3574 604 3655 post
621 3567 749 3650 filium,
774 3567 864 3633 sicut
887 3565 997 3632 filium
1020 3574 1100 3653 post
1122 3574 1267 3654 patrem.
1288 3567 1424 3634 Distin-

282 3692 457 3781 guendum
476 3699 528 3758 est
546 3692 656 3779 igitur
674 3691 820 3758 dicendo
839 3691 966 3757 similia
986 3690 1124 3776 quidem
1143 3691 1331 3757 secundum
1350 3716 1425 3779 spe·

282 3821 368 3886 ciem
394 3818 564 3906 reparari,
589 3840 660 3884 non
684 3824 800 3884 autom
831 3817 1018 3883 secundum
1042 3838 1244 3900 numerum,
1276 3823 1311 3882 et
1340 3817 1425 3884 haec

281 3945 461 4011 distinctio
479 3944 572 4010 valet
591 3943 629 4008 in
647 3943 749 4008 rebus
773 3942 1010 4009 materialibus
1028 3940 1425 4028 transmutabilibusque

283 4071 469 4137 intrinsece
487 4075 523 4133 ct
541 4065 728 4135 secundum
753 4066 929 4155 propriam
948 4065 1196 4150 substantiam3
1214 4074 1355 4132 aeterna
1371 4089 1428 4132 va-

216 4205 261 4269 30
282 4220 335 4281 rc,
359 4220 448 4284 quae
471 4198 527 4263 vel
549 4219 620 4263 non
638 4195 769 4262 habent
788 4193 968 4261 materiam
987 4194 1045 4258 vel
1063 4215 1133 4259 non
1151 4192 1255 4259 huius
1274 4192 1428 4259 eiusdem

376 4453 408 4501 30
424 4452 531 4502 habent
544 4451 653 4503 Sltlzle:
668 4451 755 4501 habet
770 4450 793 4502 0
