3488 5108
698 427 742 472 nn
763 428 878 473 nsavu
900 428 1076 474 uniuersus
1100 429 1171 475 arc.
1449 412 1507 472 557

452 583 527 648 Hoc
551 583 641 648 idem
666 585 756 669 quod
775 584 921 652 dicimus
945 585 987 649 de
1011 584 1238 670 qualitatibus
1258 583 1334 650 istis
1354 582 1506 670 vulgari-

364 708 427 773 bus
451 716 486 774 et
509 709 744 794 sensibilibus,
769 711 1034 797 intelligendum
1058 717 1110 777 est
1133 711 1175 776 de
1200 710 1426 796 qualitatibus
1455 732 1508 774 oc-

364 832 480 916 cultis,
499 834 590 899 unde
609 833 753 901 diversis
771 837 856 901 locis
875 834 1000 901 diversi
1023 835 1225 902 tribuuntur
1248 835 1358 923 genii,
1379 836 1507 901 diversi

363 957 464 1043 lares,
498 958 625 1025 diversi
656 960 829 1046 praesides
856 983 916 1026 seu
944 960 1088 1026 numina
1118 961 1360 1047 particularia,
1394 983 1505 1046 neque

319 1095 340 1157 5
363 1082 455 1147 enim
471 1083 546 1149 sine
564 1083 698 1150 ratione
718 1091 752 1149 et
771 1084 918 1151 veritate
936 1083 1067 1150 dictum
1087 1093 1140 1150 est
1158 1107 1266 1151 unum
1285 1108 1357 1151 esse
1374 1085 1504 1170 omnia,

362 1229 470 1272 unum
496 1208 740 1297 superomnia
767 1216 801 1274 et
831 1214 958 1293 totum,
993 1209 1049 1275 cui
1077 1210 1225 1276 subsunt
1253 1211 1365 1298 primo
1395 1234 1505 1297 pauca

363 1332 535 1420 principia
553 1341 587 1398 et
607 1334 734 1422 capita,
754 1357 900 1421 quorum
919 1334 1067 1421 singulis
1092 1335 1239 1402 subsunt
1263 1334 1505 1402 multitudines

363 1465 398 1522 et
416 1459 586 1524 exercitus
602 1481 720 1526 eorum
740 1460 800 1546 qui
819 1460 930 1526 adhuc
954 1460 1083 1546 singuli
1107 1460 1259 1548 plurium
1283 1468 1365 1527 sunt
1383 1461 1506 1548 guber·
1530 1461 1619 1525 52³

363 1588 501 1649 natoras
517 1590 552 1649 et
571 1585 754 1672 principes.
773 1586 830 1651 Ita
848 1608 868 1650 a
887 1585 1033 1652 monade
1056 1585 1237 1651 descensus
1258 1594 1310 1651 est
1328 1585 1372 1650 ad
1391 1586 1506 1651 multi-

298 1718 340 1782 10
362 1708 518 1774 tudinem
542 1710 715 1776 infinitam
739 1734 802 1798 per
825 1710 924 1776 finita
947 1718 982 1777 et
1006 1711 1286 1795 indeterminata,
1311 1717 1346 1776 et
1369 1732 1504 1777 rursum

362 1834 577 1902 infinitorum
603 1842 663 1901 est.
679 1858 838 1902 ascensus
862 1835 905 1901 ad
925 1835 1107 1902 monadem
1130 1836 1323 1922 colligendo
1343 1837 1445 1924 plura
1469 1837 1506 1901 in

362 1982 487 2043 unum3
505 1960 553 2027 sic
566 1984 674 2050 unum
691 1967 744 2027 est
762 1961 979 2044 universum,
996 1961 1173 2027 infinitum
1193 1961 1361 2049 spacium,
1379 1962 1416 2027 in
1437 1983 1505 2047 quo

361 2086 630 2152 innumerabilia
653 2093 746 2152 astra
769 2110 827 2153 seu
852 2087 985 2170 mundi,
1004 2088 1042 2152 in
1066 2109 1211 2174 quorum
1235 2087 1382 2174 singulis
1403 2088 1504 2153 innu-

362 2212 542 2277 merabiles
560 2211 748 2300 principes,
769 2212 799 2277 si
817 2211 861 2277 ad
880 2212 1147 2278 innumerabilia
1171 2214 1245 2278 loca
1263 2213 1503 2300 particularia,

295 2341 337 2404 15
361 2359 448 2424 quae
467 2343 549 2402 sunt
567 2344 642 2402 turn
661 2336 699 2402 in
718 2337 897 2424 superficie
916 2337 1081 2424 cuiusque
1098 2337 1211 2424 globi,
1225 2345 1266 2403 ut
1283 2337 1386 2404 huius
1406 2338 1505 2404 tellu-

361 2462 423 2547 ris,
444 2469 518 2528 tum
548 2462 584 2527 in
613 2461 785 2548 profundo
810 2461 972 2528 eiusdem.
997 2463 1043 2528 Et
1067 2462 1126 2549 qui
1150 2462 1214 2530 hoc
1237 2463 1393 2549 ignorat,
1415 2462 1503 2529 nihil

359 2595 474 2674 potest
487 2587 681 2674 intelligere
686 2611 693 2670 ;
707 2587 795 2675 (qui)
810 2588 997 2653 seeundum
1010 2587 1093 2653 haec
1105 2587 1277 2676 principia
1290 2611 1359 2654 non
1375 2588 1503 2677 practi-

361 2722 432 2796 cat,
453 2713 541 2779 nihil
559 2719 674 2800 potest
693 2712 761 2778 nisi
780 2734 860 2778 casu
880 2711 1024 2799 operari.

451 2836 580 2904 Rerum
600 2861 773 2905 sueoessus
792 2844 827 2902 et
845 2845 989 2903 eventus
1004 2837 1070 2903 hoc
1086 2838 1301 2926 comprobat;
1319 2845 1353 2903 et
1365 2838 1416 2904 ‘ad
1436 2862 1504 2904 me·

294 2966 338 3028 20
361 2963 511 3029 dicinam
531 2971 566 3029 et
585 2964 630 3030 ad
648 2962 798 3049 magiam
815 2968 849 3028 et
867 2962 910 3028 ad
927 2962 1103 3029 fortunam
1119 2970 1154 3029 et
1169 2963 1212 3029 ad
1229 2965 1338 3031 vitam
1354 2964 1502 3031 mutatio

360 3088 426 3154 loci
456 3089 631 3155 interdum
659 3087 848 3175 plurimum
867 3087 1035 3172 conferre,
1060 3087 1129 3156 imo
1154 3095 1266 3155 totum
1286 3089 1441 3174 videtur;
1467 3091 1503 3156 in

360 3238 430 3281 uno
448 3215 523 3281 loco
543 3215 766 3300 infortunati,
787 3214 930 3301 ingrati,
950 3214 1080 3281 infirmi
1104 3217 1219 3281 animo
1238 3223 1273 3281 et
1291 3238 1446 3302 corpore,
1466 3216 1503 3281 in

361 3340 398 3405 in
422 3340 490 3405 alio
514 3316 697 3427 vigescunt
721 3349 781 3406 aut
803 3340 991 3406 secundum
1015 3340 1138 3407 horum
1168 3348 1228 3407 aut
1258 3341 1419 3424 alterum,
1440 3348 1500 3407 aut

360 3465 546 3531 secundum
566 3465 679 3552 plura;
700 3465 791 3552 quod
808 3465 912 3531 efficit
930 3465 1146 3554 principatus
1165 3466 1357 3533 diversitas.
1377 3467 1502 3532 Home-

294 3602 336 3664 25
359 3613 417 3656 rus
441 3589 627 3656 celebravit
647 3597 798 3656 montem
818 3591 1043 3677 Parnassum,
1068 3592 1106 3657 in
1126 3615 1193 3678 quo
1224 3592 1397 3657 dormiens
1416 3592 1503 3658 dicit

359 3740 395 3781 se
413 3722 554 3803 repente
572 3717 609 3780 in
628 3723 766 3802 poetam
787 3715 935 3803 quodam
955 3716 1097 3783 numine
1120 3717 1260 3784 afflante
1284 3740 1500 3803 conversum,

359 3865 471 3928 neque
488 3841 553 3908 hoc
577 3849 629 3907 est
647 3841 778 3929 fabula,
799 3844 957 3930 quamvis
985 3865 1103 3909 ornnes
1131 3844 1365 3911 versificantes
1396 3843 1500 3908 etiam

359 3969 472 4033 idere
492 3968 558 4055 ipsi
578 3975 755 4034 assumant
771 3968 812 4033 de
833 3969 999 4035 Parnasso
1019 3978 1054 4034 et
1070 3969 1112 4034 de
1128 3968 1224 4035 fonto
1241 3969 1422 4036 Caballino
1443 3992 1502 4033 seu

360 4096 521 4181 Pegaseo.
552 4094 647 4160 Idem
678 4094 719 4160 de
750 4117 785 4159 sc
808 4102 1021 4182 protestatus
1040 4103 1092 4161 est
1119 4095 1299 4161 Hesiodus.
1321 4094 1446 4160 Moises
1466 4093 1503 4159 in

453 4418 484 4468 13
501 4417 570 4483 dopo
582 4417 704 4482 singulis
718 4418 837 4468 caracalla
853 4418 958 4469 infiniti
976 4418 1006 4468 l!
1068 4419 1099 4468 14
1113 4433 1164 4482 prr
1185 4433 1219 4468 cr.
1237 4415 1425 4484 particularia
1446 4423 1501 4473 (re-

360 4499 477 4566 spicias)
492 4498 506 4548 5
567 4500 598 4548 23
612 4498 688 4564 forse
702 4499 804 4550 horum
817 4506 932 4559 (unum)
