3488 5108
306 379 363 439 114
735 389 874 434 roaonru
896 388 998 433 nnvru

305 556 362 615 tae
378 549 550 614 humanae
565 544 784 633 persequitur
799 545 889 609 actio
907 549 942 608 et
959 543 1114 630 operatio
1131 567 1151 608 a
1167 564 1238 608 non
1255 542 1450 608 declinante

304 675 346 741 ad
370 674 505 739 laevam
533 671 589 735 vel
614 669 786 752 dextram;
817 676 851 736 et
880 676 1128 754 consequenter
1158 666 1308 734 medium
1333 676 1450 733 tenere

305 798 576 881 extremitatum,
601 795 639 860 in
663 816 731 880 quo
757 795 870 861 civilis
895 795 1008 861 omnis
1031 796 1143 861 virtus
1166 793 1353 860 consistere
1375 793 1450 858 vul·

306 931 428 1013 gatum
448 930 509 989 cst.

260 1061 281 1123 5
393 1047 527 1113 XXVI.
544 1045 793 1134 Syndaeresin,
810 1069 914 1131 quarn
931 1045 1121 1133 appellant,
1141 1052 1263 1133 utpote
1279 1046 1452 1112 conscien-

305 1177 375 1242 tiae
402 1176 578 1241 internum
602 1195 794 1239 remorsum
821 1179 1148 1238 remurmuratorem
1172 1179 1293 1238 contra
1315 1195 1452 1259 perver-

306 1324 359 1367 sas
384 1299 626 1387 cogitationes,
657 1299 718 1384 qui
748 1297 790 1363 de
818 1298 928 1385 puppi
956 1297 1091 1363 animae
1121 1305 1258 1363 nostrae
1287 1298 1451 1363 reclamat

306 1425 554 1492 vociferantem
574 1446 644 1490 non
664 1429 897 1508 contemnere,
919 1430 953 1488 et
973 1422 1016 1488 ad
1036 1422 1224 1509 imaginem
1246 1422 1451 1509 intelligibi-

306 1552 349 1618 lis
369 1550 490 1617 mundi
509 1558 544 1616 et
564 1549 792 1616 architectum
812 1548 985 1615 sensibilis
1004 1547 1047 1613 ad
1068 1549 1168 1614 ist-ius
1187 1548 1359 1615 dictatum
1374 1570 1451 1614 con·

243 1685 285 1749 lO
307 1677 459 1744 formari.

396 1802 548 1869 XXVII.
572 1803 713 1868 Lineam
742 1823 812 1867 non
839 1800 1064 1889 pertransire,
1084 1799 1176 1866 haud
1195 1800 1339 1886 inquam
1362 1799 1451 1866 Stoi·

308 1951 424 1996 corum
443 1951 551 2013 more,
576 1929 675 2014 qnasi
699 1927 833 1994 iustitia
853 1933 888 1993 et
915 1927 1053 1993 bonitas
1077 1924 1216 1992 moralis
1240 1925 1279 1992 in
1302 1926 1451 2013 quodam

308 2055 488 2122 individuo
508 2054 691 2138 consistat,
712 2052 771 2120 sed
790 2052 1017 2140 intelligendo
1036 2052 1164 2118 lineam
1183 2052 1221 2118 in
1239 2052 1389 2138 quadam
1405 2053 1451 2118 la·

308 2178 460 2245 titudine
478 2179 737 2262 consistentem,
762 2185 801 2243 ut
825 2177 885 2242 illa
910 2179 955 2242 sit
979 2200 1050 2243 non
1073 2177 1241 2244 terminus
1265 2177 1324 2244 sed
1346 2176 1452 2243 index

245 2310 285 2374 15
310 2306 494 2371 actionum.

397 2430 569 2498 XXVIII.
605 2430 758 2496 Naturae
789 2431 946 2517 operanti
974 2437 1008 2495 et
1036 2429 1215 2495 dictitanti
1243 2427 1451 2495 conformari

210 2640 213 2645 ἡ
308 2556 404 2641 (haec
428 2556 521 2621 enirn
542 2556 546 2644 Ι
568 2556 605 2620 in
638 2555 876 2643 penetralibus
911 2554 1064 2620 numinis
1099 2553 1273 2619 ratiocinii
1308 2553 1453 2620 clariora
1479 2556 1597 2620 147²

307 2687 493 2769 praecepta
512 2703 645 2747 morum
665 2680 864 2768 insculpsit,
885 2680 975 2746 sicut
994 2687 1028 2746 et
1047 2679 1177 2745 semina
1197 2678 1365 2765 quaedam
1381 2699 1452 2743 non

308 2808 358 2874 ita
371 2807 535 2896 adaperta
549 2807 706 2873 veritatis
720 2806 875 2890 insevit),
889 2806 973 2871 item
986 2805 1187 2872 facultatem
1203 2811 1238 2870 et
1254 2805 1354 2890 vires,
1367 2827 1452 2891 quas

242 2945 286 3012 ‘20
309 2933 352 3000 ad
371 2934 459 3001 bene
478 2933 690 3021 operandum
711 2932 754 2998 ab
775 2932 834 2997 illa
854 2932 949 2998 nacti
968 2953 1098 3016 eumue,
1116 2952 1232 2997 omnes
1248 2928 1451 3017 expendere,

309 3067 343 3124 et
363 3059 461 3145 quasi
479 3058 659 3145 proprium
679 3057 889 3123 talentorum
908 3079 1090 3122 numerum
1106 3057 1150 3121 ad
1166 3078 1305 3121 usuram
1321 3077 1453 3142 promo·

277 3181 280 3186 ’
309 3206 402 3266 vere;
425 3184 573 3269 quilibet
593 3183 685 3248 enim
704 3183 815 3249 bonus
835 3191 900 3265 est,
921 3189 1090 3268 quatenns
1109 3203 1171 3268 pro
1186 3181 1282 3245 virili
1298 3188 1333 3245 et
1349 3180 1453 3247 facul·

309 3316 382 3375 tate
406 3332 467 3375 sua
492 3309 581 3374 nihil
603 3309 866 3396 praetermittit,
891 3310 933 3374 de
956 3307 1230 3395 impossibilibus
1259 3313 1374 3372 autern
1397 3326 1453 3370 ne·

310 3457 376 3520 que
395 3434 530 3501 institia
548 3444 600 3502 est
618 3458 729 3521 neque
745 3434 928 3500 iniustitia.

243 3572 285 3637 25
399 3560 538 3625 XXIX.
559 3560 703 3626 Bonitas
722 3584 763 3626 ex
780 3566 924 3626 naturae
937 3560 1123 3625 dictamine
1140 3564 1191 3623 est
1206 3556 1452 3623 consideranda

310 3686 348 3751 in
366 3686 420 3753 his
444 3710 531 3773 quae
556 3696 700 3774 possunt
724 3687 952 3774 prevaricare,
978 3685 1192 3752 inclinantur
1216 3693 1250 3749 et
1273 3684 1453 3770 impellun-

404 3982 416 4029 l
428 3979 456 4042 f.
469 3977 639 4043 perficitur?
700 3979 716 4027 2
733 3977 856 4035 (XXVI)
871 3978 909 4026 Et
920 3981 1131 4043 consequenter
1144 3977 1181 4040 M,
1192 3978 1256 4027 dore
1270 3975 1366 4042 quindi
1383 3978 1454 4027 l'ur·

311 4058 387 4110 tirolo
405 4065 523 4124 sequente
541 4056 734 4108 hailnnnrero
751 4057 865 4109 XXVII
930 4061 944 4108 ὀ
968 4059 1131 4122 Synterisin
1148 4059 1185 4107 A:
1205 4059 1395 4122 Syntheresin
1410 4059 1453 4123 M,

311 4142 346 4203 cf.
361 4141 388 4205 s.
412 4142 473 4189 158ρ
493 4146 507 4204 5
526 4139 627 4189 XXVI
701 4142 725 4188 9.
737 4141 767 4189 10
783 4138 924 4189 dictamen
948 4139 1127 4189 conformare
1149 4139 1179 4188 Μ
1249 4140 1330 4190 11.15
1352 4157 1401 4190 om.
1424 4142 1457 4191 al!

311 4224 340 4272 ll
357 4221 433 4271 haud
450 4217 497 4270 noi
502 4237 508 4270 :
522 4226 572 4270 aut
584 4220 608 4268 A
674 4221 704 4270 16
721 4219 866 4270 dictitanti
882 4219 948 4269 AM:
958 4221 983 4284 f.
997 4219 1118 4270 dictanti
1133 4221 1177 4284 (cf.
1189 4237 1210 4270 o.
1222 4221 1266 4284 25)
1331 4221 1361 4270 17
1373 4221 1455 4271 lumi·

312 4301 399 4351 nied!
445 4303 475 4351 18
489 4301 638 4367 inscalpsit
649 4301 681 4349 M
728 4302 758 4349 19
772 4300 908 4365 adoperta
919 4300 950 4350 ll!
998 4301 1124 4360 (XXIX)
1139 4301 1214 4351 Item
1227 4301 1381 4352 facultates
1396 4300 1454 4366 (sic)

312 4388 341 4432 ot
355 4383 430 4432 vires
443 4388 489 4432 etc.
507 4381 546 4440 M,
562 4382 626 4432 dore
643 4398 661 4429 a
679 4398 700 4430 r.
715 4382 749 4429 25
762 4381 886 4431 Proinde
900 4383 1001 4445 (qrteala
1011 4382 1117 4445 parola
1128 4380 1141 4430 ὲ
1152 4380 1237 4431 anche
1250 4381 1278 4430 in
1291 4379 1325 4441 A,
1339 4399 1382 4431 rna
1393 4400 1457 4432 ran·

312 4462 419 4527 collata)
436 4460 552 4513 bonitas
564 4478 642 4513 senza
655 4476 763 4511 nunrero
825 4463 857 4512 20
874 4461 951 4512 nacti
965 4460 1006 4512 M:
1023 4461 1117 4514 natiA
1183 4463 1213 4513 21
1231 4477 1314 4512 usum
1328 4461 1361 4512 t!
