3488 5108
623 437 751 483 usurus
771 436 932 483 rarorum
953 433 1159 481 srurvsavu.
1422 418 1461 477 53

319 594 494 660 ratiocinii
519 593 816 681 imaginationem,
837 590 1006 678 quaedam
1029 591 1140 677 magis
1164 589 1306 656 obscure
1331 588 1462 655 habent

319 743 467 804 sensum,
493 721 530 787 in
554 719 760 807 quibusdem
779 724 813 783 et
831 718 897 784 ists
916 717 1054 805 quidem
1073 716 1174 799 latet,
1199 738 1286 803 quae
1310 738 1405 801 saue,
1431 715 1461 780 si

318 846 426 912 veluti
454 845 664 933 pellucidum
695 866 817 932 corpus
844 843 997 930 dissepta
1021 849 1149 926 essent,
1178 842 1320 908 luminis
1345 848 1459 907 essent

317 971 519 1059 participes,
539 973 590 1037 ite
609 971 659 1036 sol
683 971 844 1037 universo
869 969 965 1035 adest
984 967 1235 1056 hemisphaerio
1254 967 1459 1054 aequaliter,

274 1095 295 1158 f>
319 1105 353 1160 ct
375 1096 436 1162 lux
454 1097 646 1183 aequaliter
669 1095 829 1163 omuibus
847 1117 882 1160 se
906 1093 1061 1160 infundit
1080 1100 1115 1158 et
1135 1095 1171 1159 in
1196 1092 1355 1159 omnibus
1378 1091 1461 1167 insi-

318 1228 424 1287 nuata
452 1229 600 1309 perstat,
629 1221 688 1287 sed
716 1243 788 1287 non
813 1219 856 1286 ab
884 1220 1043 1286 omnibus
1072 1241 1180 1305 aeque
1204 1217 1394 1284 reflectitur
1425 1226 1459 1283 et

317 1348 523 1414 reclarescit.
547 1349 603 1414 Ita
627 1346 767 1434 quidam
791 1345 1035 1431 intelligebant
1052 1343 1268 1410 intellectum
1287 1366 1359 1409 esse
1378 1343 1460 1409 effu·

316 1494 392 1538 sum
408 1496 517 1560 usque
528 1496 599 1540 non
616 1473 726 1540 solum
743 1470 787 1538 ad
802 1472 907 1538 bruta
921 1477 955 1536 et
971 1470 1122 1558 plantas,
1140 1468 1199 1535 sed
1215 1476 1250 1535 et
1266 1468 1310 1535 ad
1327 1469 1459 1556 lapides

316 1606 350 1664 et
373 1599 628 1687 imperfectiora
648 1622 735 1686 qliae
755 1598 918 1665 videntur
937 1617 1092 1684 corpora,
1112 1594 1171 1661 sed
1195 1596 1232 1661 in
1252 1594 1458 1681 quibusdam

252 1721 294 1785 10
315 1723 436 1809 latere,
461 1726 497 1790 in
523 1724 731 1812 quibusdam
755 1730 870 1791 autem
895 1744 1076 1810 apparere,
1101 1723 1139 1787 in
1166 1721 1220 1786 his
1248 1720 1387 1807 quidem
1411 1743 1459 1786 se·

316 1849 466 1916 cundum
485 1873 605 1935 unam,
622 1852 660 1916 in
679 1849 756 1915 aliis
775 1871 856 1915 vero
876 1848 1062 1915 secuudum
1079 1847 1181 1914 aliam
1202 1847 1387 1928 rationem,
1407 1845 1457 1909 ibi

315 1975 455 2060 quidem
474 1976 598 2062 magis,
620 1975 668 2041 ibi
687 1996 768 2040 vero
788 1973 912 2040 minus.

402 2100 524 2166 XXX.
548 2101 687 2186 Ubique
709 2099 862 2187 perfecte
885 2105 920 2164 et
943 2097 1131 2165 secuudum
1161 2097 1269 2163 totius
1293 2095 1456 2184 sphaerae
1484 2102 1599 2166 122⁹

313 2225 385 2290 vim
402 2225 566 2292 dicendus
578 2233 629 2292 est
646 2227 775 2310 adesse,
791 2226 871 2312 quia
889 2232 940 2290 est
952 2224 1081 2310 ubique
1093 2230 1196 2307 totuS,
1214 2221 1454 2310 impartibilis,

250 2346 290 2410 lt
313 2372 485 2440 nusqpam
509 2351 631 2418 absens
655 2374 718 2417 nec
741 2350 914 2432 deficiens,
939 2349 1010 2433 sed,
1031 2359 1072 2416 ut
1094 2348 1225 2415 dictum
1250 2356 1314 2433 est,
1336 2370 1456 2413 secun·

315 2475 396 2541 dum
416 2477 628 2542 differentius
653 2476 845 2542 evidentiae
865 2483 899 2540 et
914 2473 1193 2541 sublitescentiae
1212 2497 1274 2561 per
1297 2473 1455 2539 materie·

312 2623 388 2666 rum
408 2600 622 2668 differentias
641 2601 726 2668 alias
746 2610 851 2689 atquc
870 2599 970 2685 alias,
992 2601 1094 2666 aliter
1112 2607 1217 2686 atque
1237 2599 1347 2666 aliter.

718 3009 792 3083 DE
838 3008 1047 3086 LVMINE

477 3149 581 3226 SEV
624 3149 841 3229 SPIRITV
885 3150 1289 3229 VNIVERSORVM.

242 3498 287 3561 20
399 3492 497 3558 Sicut
516 3516 536 3557 a
556 3500 673 3559 centro
692 3493 920 3581 plenitudinis
950 3495 1067 3581 prodit
1086 3495 1157 3577 lux,
1180 3518 1200 3560 a
1223 3495 1297 3561 luce
1323 3496 1450 3584 fulgor,

310 3615 359 3681 ita
388 3641 407 3681 a
439 3625 553 3683 mente
584 3620 750 3706 processit
775 3620 983 3705 intellectae,
1014 3621 1057 3686 ab
1087 3620 1265 3688 intellectu
1295 3623 1451 3710 procedit

310 3742 454 3809 affectus
474 3744 615 3829 quidam
636 3769 694 3811 scu
716 3769 822 3828 amor,
848 3769 943 3811 meus
963 3769 1065 3834 super
1084 3748 1200 3813 omnia
1219 3748 1328 3833 sedet,
1350 3748 1451 3814 intel·

309 3868 418 3934 lectus
443 3870 558 3935 omnic
584 3870 679 3936 videt
703 3879 737 3936 et
760 3870 952 3954 distribuit,
978 3894 1073 3937 unior
1097 3873 1214 3938 omuia
1242 3873 1391 3940 fabricat
1416 3884 1452 3940 ct

309 3991 475 4081 disponit;
497 4018 608 4079 mene,
627 3996 708 4062 dum
725 3998 778 4062 sui
798 3996 1048 4082 quodammodo
1068 3998 1238 4083 meminit,
1260 4000 1313 4065 sui
1333 4001 1452 4066 simili·

398 4329 414 4379 4
432 4331 582 4397 participia
595 4331 656 4382 leae
669 4333 712 4394 M,
727 4334 869 4400 decepere
883 4337 908 4387 εἰ
921 4346 1008 4391 amelec
1023 4341 1046 4390 si
1064 4357 1076 4389 e
1093 4341 1220 4409 dissepta
1237 4352 1334 4396 essent
1378 4347 1395 4391 8
1412 4347 1450 4396 la-

307 4408 451 4500 pidi⁸l.⁹'¹i
469 4413 725 4465 arevacomiuce'alo
744 4419 775 4466 ΑΙ
839 4420 1112 4485 llimperfectoraA
1178 4426 1449 4491 12quidom1avcva

306 4496 460 4540 conrsacsato
478 4507 546 4543 vero
564 4493 598 4542 Ar
664 4496 692 4545 14
706 4501 786 4548 totus
805 4500 974 4563 (correllclA
1041 4503 1071 4552 19
1087 4502 1218 4556 Usrvsusi
1232 4504 1265 4556 M
