3488 5108
753 424 913 468 usnicnm
935 423 1109 469 arnum.
1443 408 1503 465 ulo

363 578 494 646 sionem
514 588 634 646 contra
653 581 679 645 O
701 588 739 645 ut
768 589 923 645 transeat
942 579 985 645 ad
1005 580 1048 662 B,
1068 579 1095 644 Ο
1114 601 1195 645 vero
1222 578 1282 644 det
1306 600 1411 644 unum
1429 599 1501 666 per·

364 704 556 770 cussioneni
587 706 655 792 ipsi
674 707 704 771 Β
723 713 762 771 ut
790 704 840 770 ibi
859 714 967 792 ponat
986 705 1027 770 D.
1047 705 1148 772 Unde
1176 727 1217 769 ex
1246 703 1407 770 omnibus
1426 703 1504 770 istis

363 831 643 917 percussionibus
655 853 724 896 non
735 830 934 896 sentiuntur
944 830 1013 896 nisi
1026 831 1113 897 duae
1130 852 1234 917 supra
1246 829 1369 915 dictae,
1380 852 1504 918 nempe

363 956 448 1039 Bc,
467 957 550 1042 quia
566 965 649 1023 sunt
668 956 814 1022 maiores
837 957 1073 1044 percussiones
1097 956 1174 1022 eliis
1192 955 1230 1021 in
1254 956 1329 1043 ipsa
1352 954 1503 1037 chelam,

320 1084 340 1147 ὃ
364 1080 446 1166 quia
465 1082 653 1149 secuudum
676 1082 769 1167 quod
787 1104 845 1148 cor
863 1082 975 1168 magis
997 1081 1134 1168 indiget
1151 1082 1228 1168 ipsa
1246 1081 1278 1145 D
1296 1079 1341 1146 ad
1363 1078 1505 1167 refrige-

363 1206 512 1273 randum
524 1207 562 1289 B,
579 1214 744 1296 properat
766 1207 1002 1294 percussiones
1020 1205 1223 1294 praedictas.
1236 1205 1336 1272 Unde
1354 1227 1417 1294 par
1436 1203 1503 1270 fre·

363 1333 543 1419 quentiam
558 1341 594 1398 at
608 1332 828 1399 velocitatem
844 1331 1102 1419 percussionum
1118 1340 1153 1396 et
1167 1352 1228 1418 per
1243 1329 1438 1417 triangulos
1454 1353 1502 1397 ee·

364 1457 496 1524 eundae
513 1458 645 1543 figurae
657 1459 772 1523 Artis
792 1464 906 1545 potest
917 1456 1034 1522 haberi
1048 1455 1202 1542 cognitio
1215 1463 1309 1522 certe
1327 1454 1370 1521 de
1388 1453 1502 1541 pulsu.

363 1583 408 1648 Et
425 1582 563 1669 quando
578 1583 678 1649 uriuu
698 1581 872 1667 significat
893 1582 1039 1673 calorem
1056 1581 1093 1646 in
1109 1580 1260 1647 maxime
1280 1580 1416 1647 actione
1435 1579 1504 1645 exi·

300 1721 342 1785 10
364 1719 465 1791 atero,
491 1718 526 1776 et
549 1718 666 1775 tamen
691 1710 810 1797 pulsus
833 1718 886 1774 est
908 1707 1044 1789 debilia,
1066 1716 1151 1773 tunc
1169 1707 1387 1794 significatur
1411 1704 1504 1793 quod

364 1855 421 1902 cor
437 1835 536 1922 quusi
555 1857 652 1901 suam
671 1835 835 1901 virtutem
854 1845 890 1901 et
908 1856 986 1901 suaa
1004 1833 1096 1899 vires
1117 1832 1245 1916 amisit,
1269 1843 1304 1899 et
1324 1831 1414 1918 quod
1428 1830 1500 1898 Bo

362 1958 607 2028 destruxerunt
622 1960 776 2026 subiecta
790 1959 821 2025 A
833 1960 875 2025 D.
886 1960 971 2026 (lum
985 1959 1078 2025 enim
1091 1957 1215 2044 aliquis
1227 1957 1359 2023 febrem
1372 1957 1505 2045 patitur

362 2087 558 2167 tertianam,
568 2094 640 2152 tam
652 2109 753 2173 saepo
766 2093 947 2152 transeunt
958 2087 989 2150 A
1000 2085 1031 2149 D
1041 2083 1141 2172 perB
1153 2083 1202 2163 Ol
1215 2083 1307 2169 quod
1317 2082 1346 2149 Β
1359 2104 1508 2149 eorrum-
1532 2082 1623 2146 69v

362 2214 416 2300 pit
434 2213 614 2279 materiam
634 2213 743 2300 ipsius
763 2213 804 2296 D,
824 2220 858 2278 et
870 2213 902 2277 D
918 2210 1109 2299 corrumpit
1128 2210 1307 2277 materiam
1327 2209 1436 2297 ipsius
1455 2209 1501 2294 B,

298 2344 339 2408 15
362 2348 397 2405 et
412 2339 445 2404 A
461 2339 652 2426 corrumpit
668 2339 848 2406 materiam
863 2338 899 2421 Ο,
913 2347 948 2404 et
964 2337 990 2403 O
1007 2336 1197 2424 corrumpit
1216 2336 1396 2402 materiam
1407 2336 1453 2418 A,
1468 2343 1503 2402 et

361 2472 503 2552 prepter
526 2465 782 2551 corruptionem
807 2464 972 2531 materiae
996 2462 1228 2550 cormmpitur
1251 2461 1371 2547 forme,
1391 2469 1427 2528 et
1454 2462 1503 2528 sic

360 2596 530 2677 punctum
543 2590 728 2678 septimum
745 2589 854 2677 ipsius
871 2589 901 2654 B
918 2588 956 2655 in
976 2589 1121 2656 materia
1140 2589 1216 2676 ipsc
1233 2587 1337 2655 aliem
1352 2585 1501 2655 formum

362 2715 505 2802 appetit,
525 2721 565 2780 ut
584 2715 742 2782 ordinate
771 2715 845 2781 sine
864 2715 1112 2802 impedimento
1136 2713 1199 2781 sub
1219 2736 1254 2780 se
1274 2711 1342 2778 clia
1371 2719 1502 2800 punctu

320 2866 323 2872 ·
361 2838 498 2927 (possit)
509 2847 636 2906 tenere.
647 2841 882 2907 Veruntamen
899 2841 928 2906 si
941 2847 1111 2929 puuctum
1123 2839 1270 2928 simplex
1284 2846 1405 2905 contra
1417 2858 1503 2904 mor·

294 2968 339 3031 20
361 2964 443 3030 bum
463 2964 568 3031 habet
585 2966 787 3053 potentiam,
805 2972 889 3032 tunc
911 2973 982 3032 tam
1002 2989 1103 3054 saepe
1120 2963 1271 3053 percutit
1291 2984 1359 3030 una
1384 2963 1501 3030 littere

361 3096 481 3156 contra
500 3091 613 3172 aliam,
634 3114 812 3178 quousque
825 3091 998 3176 quaelibet
1013 3091 1177 3156 virtutem
1197 3112 1295 3157 suam
1309 3095 1500 3176 recuperat,

362 3214 518 3298 qualibet
548 3215 759 3283 fortificante
799 3217 978 3283 materiam
1020 3239 1117 3282 sumu
1149 3239 1210 3303 per
1243 3215 1500 3303 percussionem

362 3361 458 3406 suam
486 3350 520 3408 et
543 3342 648 3409 etiam
667 3342 922 3430 percussionem
944 3341 1095 3409 alterius.

655 3589 688 3626 De
704 3588 769 3638 pulsu
783 3587 926 3637 significante
941 3587 1066 3627 dominium
1081 3587 1208 3635 succumbi.

295 3766 338 3828 25
450 3768 576 3833 Pulsus
594 3766 744 3834 hominis
768 3766 952 3855 sanguinei
971 3775 1024 3833 eet
1039 3789 1199 3855 magnus,
1218 3769 1356 3857 plenus,
1376 3770 1502 3855 suavis,

359 3890 497 3958 etfacit
528 3893 613 3959 duas
632 3892 886 3980 percussiones;
915 3915 985 3959 uua
1008 3893 1101 3959 enim
1131 3901 1183 3960 est
1205 3901 1347 3982 propter
1367 3895 1410 3976 A,
1431 3895 1500 3960 alia

781 4070 815 4076 ---
828 4069 943 4077 *οη--
962 4070 972 4077 ι.
1146 4070 1316 4077 -------------Δ
1376 4070 1488 4079 ..ν-..ι-

450 4158 541 4209 ent-i
561 4158 739 4209 solummodo
759 4158 832 4209 duae
854 4163 899 4209 aa.
924 4163 953 4210 et
975 4160 1029 4210 hoc
1050 4160 1113 4210 ideo
1138 4160 1207 4227 quic
1228 4166 1297 4211 suut
1314 4161 1436 4212 maiorer
1452 4169 1499 4216 cte.

359 4237 387 4286 X
400 4237 471 4288 Lau.
536 4240 635 4304 5quia
651 4239 808 4290 secundnm
825 4238 857 4289 Μ
862 4256 868 4289 :
888 4240 1044 4292 secundum
1067 4241 1140 4291 euim
1162 4240 1192 4291 X
1252 4243 1419 4307 6proparat
1439 4244 1501 4296 not:

360 4324 509 4384 praeparat
519 4322 640 4385 (ppnnt)
650 4319 681 4370 Μ
688 4319 727 4370 X:
737 4320 879 4371 accelerat
889 4319 959 4370 Lare.
1013 4322 1030 4371 9
1042 4322 1167 4372 calorem
1179 4322 1207 4372 X
1215 4321 1246 4372 Μ
1251 4339 1256 4372 :
1270 4323 1412 4373 obolorum
1425 4323 1498 4376 lull.

361 4399 390 4447 15
405 4398 427 4448 il
442 4400 552 4449 seeundo
565 4402 724 4466 corrumpit
739 4399 753 4449 ἃ
768 4399 933 4451 seuuemo
947 4401 1098 4466 (capanei)
1115 4401 1146 4453 iu
1162 4402 1192 4453 M
1257 4405 1287 4454 lu
1302 4404 1395 4469 ponit
1412 4404 1497 4456 tutis

360 4495 408 4529 cm.
426 4479 457 4528 Μ
469 4478 497 4528 X
558 4480 590 4531 22
606 4481 733 4548 qualibet
749 4481 779 4532 X
786 4482 873 4532 butu:
886 4482 984 4549 qualia
995 4481 1027 4533 Μ
