3488 5108
663 446 793 491 LAMPAS
813 446 972 494 'rursum
994 448 1200 494 STATVARVM.
1446 429 1500 490 167

446 607 524 673 XV.
549 607 613 672 Est
639 606 881 691 intertextum,
906 606 1140 691 interiectum,
1173 607 1264 693 quod
1294 604 1504 694 quomodoli-

357 732 418 800 bet
437 731 555 798 differt
574 731 617 797 ab
637 751 676 797 eo
696 731 751 797 cui
770 731 991 798 interiicitnr.

445 857 543 923 XVI.
568 856 765 923 Discrimen
793 863 828 922 et
858 856 1026 924 distantia
1056 880 1115 924 seu
1145 855 1383 941 intervallum,
1411 856 1503 943 quod

356 985 449 1051 inter
468 981 700 1048 differentiam
719 1004 862 1049 numere
881 1004 950 1048 ncn
970 982 1100 1049 dicitur
1118 982 1281 1049 differens
1300 982 1423 1071 ipsum.

312 1115 333 1178 5
445 1106 561 1174 XVII.
587 1107 649 1173 Est
673 1108 863 1194 separatio,
889 1107 987 1193 quasi
1011 1108 1256 1196 sepimentum,
1281 1130 1393 1195 sepes,
1414 1130 1503 1194 quae

357 1240 413 1306 vel
433 1237 665 1304 differentiam
685 1237 741 1303 vel
759 1235 975 1303 differentiae
994 1236 1292 1304 circumstantiam
1310 1237 1475 1304 referunt.

445 1363 579 1429 XVIII.
604 1363 668 1429 Est
685 1362 912 1447 abstractum,
932 1368 1144 1451 separatum,
1163 1362 1332 1429 avulsum.

445 1489 548 1555 XIX.
572 1490 636 1555 Est
656 1488 798 1574 distans,
818 1489 1028 1575 elongatum,
1044 1494 1222 1573 semotum,
1240 1495 1502 1577 sequestratum,

356 1617 555 1707 sepositum.
1191 1707 1194 1714 =

293 1741 334 1804 10
445 1742 530 1807 XX.
554 1742 618 1807 Est
636 1739 874 1828 peregrinum,
893 1746 1107 1826 extraneum,
1129 1742 1325 1808 barbarum.
1531 1744 1646 1809 16‘7r
1713 1804 1716 1809 .

445 1867 548 1932 XXI.
572 1868 637 1933 Est
656 1865 896 1951 distributum,
917 1866 1103 1953 digestum,
1124 1867 1216 1955 quod
1241 1867 1417 1955 significat
1440 1865 1505 1932 dif-

357 1993 541 2059 ferentiam
565 2015 644 2059 cum
667 1991 803 2058 ratione
822 1991 866 2057 ad
892 2013 1074 2059 numerum
1096 1992 1141 2059 ad
1168 1992 1306 2059 diversa
1335 1992 1504 2078 subiecta,

359 2119 441 2204 quia
460 2117 666 2184 distribuere
689 2116 781 2182 idern
805 2123 857 2183 est
881 2117 974 2204 quod
994 2117 1140 2185 diversis
1158 2117 1325 2200 tribuere;
1344 2117 1436 2185 unde
1454 2117 1504 2182 di·

360 2251 486 2311 cuntur
505 2244 604 2330 signa
623 2242 850 2308 distributiva
869 2244 1015 2326 omnis,
1040 2245 1190 2327 nullus,
1216 2242 1384 2330 aliquis.

294 2375 335 2439 15
448 2369 568 2434 XXII.
594 2368 657 2434 Est
676 2368 846 2435 abscessio
870 2392 930 2435 seu
959 2368 1134 2452 discessio,
1154 2374 1276 2457 utpote
1293 2369 1505 2458 principium

359 2492 577 2562 differentiae
597 2492 786 2559 secundum
804 2494 919 2560 locum
937 2495 993 2562 vel
1012 2494 1298 2562 communionem.

448 2618 587 2685 XXIII.
612 2618 675 2684 Est
693 2619 879 2704 transitus,
898 2626 1021 2707 utpote
1040 2619 1192 2686 medium
1220 2618 1312 2707 quod
1339 2626 1392 2685 est
1414 2619 1506 2684 inter

359 2745 548 2811 terminum
567 2743 833 2810 concordantiae
851 2745 907 2810 vel
926 2744 1031 2811 etiam
1050 2744 1182 2812 formae
1198 2753 1232 2811 et
1243 2744 1431 2811 terminum
1442 2743 1507 2810 dif-

359 2869 528 2936 ferentiae
547 2869 603 2936 vel
621 2868 727 2935 etiam
740 2869 906 2934 contrarii
918 2893 977 2936 seu
989 2869 1212 2957 privationis;
1228 2870 1266 2937 in
1282 2893 1350 2956 qua
1369 2870 1504 2937 ratione

293 3006 338 3070 ‘20
360 3019 430 3061 non
446 3003 498 3061 est
512 2994 646 3083 proprii
663 2995 905 3061 convenientia
921 3018 1031 3082 neque
1048 2994 1259 3082 differentia,
1278 2995 1336 3062 sed
1352 2994 1504 3061 medium

360 3121 452 3187 inter
470 3129 671 3206 utrumque,
690 3119 781 3206 qnod
800 3121 980 3207 utriusque
996 3121 1314 3188 denominationem
1333 3121 1505 3209 suscipere

360 3252 474 3333 queat.

448 3370 582 3437 XXIV.
607 3370 671 3437 Est
685 3370 900 3453 inconstans,
914 3377 1035 3459 utpote
1051 3372 1229 3456 mutabile,
1244 3373 1299 3437 vel
1317 3371 1505 3438 secundum

360 3496 566 3581 accidentia,
586 3497 642 3563 vel
661 3496 766 3562 etiam
785 3496 973 3562 secundnm
990 3498 1237 3581 substantiam
1258 3497 1349 3564 unde
1369 3503 1419 3563 est
1439 3496 1505 3562 dif-

294 3630 337 3695 ‘25
360 3623 507 3689 ferentia
525 3645 630 3710 penes
649 3621 822 3709 principia
841 3622 1048 3707 extrinseca,
1068 3631 1143 3690 tum
1162 3647 1268 3712 penes
1289 3623 1486 3689 intrinseca.

449 3748 565 3815 XXV.
589 3748 653 3813 Est
665 3746 927 3835 dissimilitudo,
941 3772 1029 3836 quae
1043 3758 1096 3818 est
1107 3750 1304 3816 differentia
1319 3747 1505 3815 secundum

360 3873 510 3961 speciem
529 3873 766 3940 extrinsecam.

450 4001 585 4067 XXVI.
611 4002 673 4067 Est
693 4001 911 4088 esympathia
930 4010 965 4067 et
989 4000 1143 4088 apathia,
1174 4024 1241 4087 qua
1272 4000 1407 4067 diversa
1435 4021 1505 4065 non

361 4135 483 4193 mutuo
502 4127 769 4214 compatiuntur.

295 4256 339 4320 30
451 4251 604 4319 XXVII.
629 4253 694 4317 Est
726 4253 1093 4340 improportionalitas,
1123 4276 1211 4339 quae
1240 4260 1292 4318 est
1322 4251 1506 4317 discrimen

455 4443 1018 4510 5sepes,murA¹:sepes,mnrusM
1079 4445 1109 4494 21
1128 4447 1274 4509 utrunque
1288 4442 1345 4492 AM
1406 4440 1507 4493 aenae

364 4526 585 4593 sbympathiaA
