3488 5108
310 371 368 432 556
750 384 890 432 rounam
909 386 1013 432 aavur

310 543 477 608 orientem
504 542 630 628 magis,
655 543 843 609 secundum
872 541 1026 608 diversas
1052 542 1206 610 locorum
1235 543 1389 610 rationes
1421 543 1461 609 hi

311 667 449 753 quidem
480 666 590 754 magis
622 667 658 732 hi
690 668 829 754 quidem
852 667 966 733 minus
992 666 1176 733 Germanis
1202 674 1262 736 aut
1286 667 1460 756 Hispanis

310 801 392 860 sunt
410 792 602 860 similiores.
622 793 701 859 Non
720 793 817 859 obest
834 799 1019 881 propterea
1035 800 1089 879 ut,
1107 795 1364 880 qualescunque
1384 795 1461 860 sint

310 941 421 984 mores
453 918 569 1005 gentis
599 918 637 983 in
668 941 806 1005 genere,
838 925 878 984 ut
908 918 946 984 in
973 919 1177 1005 particulari
1203 928 1345 1007 propter
1368 919 1461 985 alias

266 1054 286 1114 ἴ)
310 1043 587 1110 circumstantias
608 1044 701 1130 (quia
718 1043 814 1110 locus
834 1065 903 1110 non
922 1052 975 1110 est
1004 1052 1114 1110 totum
1147 1045 1197 1110 rei
1225 1051 1459 1126 momentum,

310 1192 420 1255 neque
439 1168 535 1252 facit)
553 1168 709 1234 homines
732 1169 848 1256 pauci,
868 1168 929 1235 ubi
947 1170 1090 1235 minime
1109 1177 1280 1257 speratur,
1300 1169 1461 1257 singula·

309 1293 438 1360 rissimi
455 1294 620 1377 evadant3
640 1293 732 1359 unde
751 1293 788 1358 in
808 1293 933 1360 effectu
952 1294 1041 1360 illud
1060 1293 1152 1381 quod
1182 1294 1248 1361 toti
1268 1293 1366 1381 genti
1386 1315 1463 1360 non

309 1424 360 1485 est
379 1441 576 1504 commune,
598 1420 806 1506 quibusdam
824 1420 1095 1508 particularibus
1119 1419 1310 1486 individuis
1340 1425 1463 1506 potest

309 1567 381 1610 esse
410 1547 598 1633 proprium.
630 1545 817 1612 Germania
848 1545 940 1611 enim
970 1545 1061 1611 circa
1088 1545 1151 1610 has
1174 1544 1346 1632 regiones,
1366 1567 1461 1631 quac

244 1675 286 1740 10
308 1670 444 1736 suntin
463 1671 623 1738 Helvetia
642 1679 677 1737 et
696 1671 835 1757 Suevia,
855 1670 941 1736 talia
959 1670 1140 1736 hominum
1163 1670 1304 1757 ingenia
1334 1678 1459 1758 protu-

307 1798 363 1885 lit,
381 1798 541 1885 qualibus
558 1822 578 1863 a
594 1798 713 1864 multis
732 1798 904 1864 aetatibus
920 1797 1062 1884 ingenia
1077 1797 1343 1884 particularium
1362 1804 1458 1865 exte-

307 1945 423 1989 rorum
443 1945 512 1990 non
531 1931 613 1989 sunt
632 1924 887 2012 comparabilia.
908 1922 984 1988 Hoc
1002 1921 1178 1990 difficilius
1197 1927 1250 1988 est
1267 1922 1319 1988 ita
1338 1945 1472 1988 succe·-

307 2047 386 2114 dere
404 2049 440 2114 in
461 2049 539 2115 aliis
558 2050 789 2116 animantium
812 2048 991 2138 speciebus
1015 2055 1050 2113 et
1079 2047 1222 2135 plantis;
1249 2048 1329 2135 plus
1358 2048 1456 2115 enim

305 2181 420 2261 potest
437 2175 570 2241 variare
583 2175 733 2241 hominis
749 2173 937 2261 ingenium,
951 2196 1055 2262 quam
1067 2181 1213 2253 naturae
1224 2172 1453 2241 ordinarium.

242 2308 282 2371 15
306 2300 396 2368 Sunt
414 2308 591 2389 praeterea
615 2302 801 2387 quaedam,
822 2323 910 2386 quae
933 2301 970 2366 in
994 2322 1064 2366 una
1094 2302 1233 2387 regione
1259 2308 1454 2368 nascuntur

304 2427 359 2492 vel
378 2427 551 2514 pluribus,
573 2427 650 2492 aliis
669 2448 750 2492 vero
768 2426 996 2511 denegantur,
1021 2432 1061 2491 ut
1084 2424 1126 2489 de
1155 2425 1308 2491 balsamo
1338 2425 1453 2494 fertur

305 2563 339 2619 et
359 2553 471 2638 cedro,
490 2555 582 2642 quod
598 2556 635 2619 in
648 2560 765 2620 monte
784 2553 911 2619 Libani
924 2552 1008 2618 etin
1025 2552 1224 2618 Palaestina
1243 2559 1394 2637 tantum,
1413 2553 1452 2620 in

303 2678 381 2744 aliis
400 2679 484 2745 locis
503 2680 614 2745 solum
634 2680 807 2745 communi
825 2678 966 2745 nomine
983 2677 1079 2743 aliud
1097 2677 1249 2743 inveniri
1272 2699 1371 2766 posse
1391 2700 1451 2744 au·

303 2811 456 2888 tument,
477 2805 627 2871 olearum
647 2805 781 2870 nullum
803 2804 988 2890 vestigium
1010 2803 1048 2868 in
1069 2801 1256 2868 Germania
1275 2827 1386 2889 neque
1412 2804 1450 2869 in

237 2923 281 2986 20
303 2931 543 3017 frigidioribus
562 2932 733 3019 part-ibim,
749 2931 786 2995 in
805 2931 918 3016 Libya
935 2930 1105 2996 mirabilis
1122 2930 1241 3017 copiae
1257 2938 1291 2996 et
1309 2930 1449 2997 foecun-

303 3057 435 3140 ditatis;
456 3057 615 3122 similiter
635 3057 676 3122 de
694 3057 826 3145 pipere,
851 3057 892 3121 de
921 3055 1114 3122 cinamomo
1143 3062 1177 3120 et
1207 3056 1284 3122 aliis
1312 3057 1447 3141 multis,

303 3205 391 3268 quae
408 3182 537 3270 promit
556 3183 639 3248 Asia
659 3188 693 3247 et
713 3189 886 3268 negantur
905 3184 1064 3269 Europae
1083 3187 1117 3247 et
1137 3181 1297 3247 Affricae.

392 3309 468 3374 Hoc
487 3308 578 3394 quod
598 3308 743 3372 dicimus
762 3307 970 3393 gerreraliter
986 3307 1028 3371 de
1046 3307 1140 3372 hisce
1156 3306 1333 3393 speciebus
1347 3307 1448 3373 iuxta

303 3434 561 3502 distinctionem
581 3434 775 3520 regionum,
796 3433 886 3499 idom
905 3433 1170 3519 intelligendum
1192 3441 1244 3498 est
1274 3433 1311 3497 in
1338 3433 1448 3520 parti-

235 3565 278 3627 25
302 3559 366 3626 bus
383 3560 548 3646 cuiusque
562 3560 722 3646 regionis,
735 3582 858 3646 nempe
870 3560 907 3624 in
922 3559 1005 3624 locis
1022 3559 1183 3646 propriis,
1197 3558 1446 3646 propriissimis

302 3710 408 3772 usque
428 3687 472 3752 ad
490 3686 686 3770 individua;
704 3686 793 3751 siout
812 3684 873 3749 uni
892 3685 1025 3750 homini
1045 3684 1169 3750 similis
1197 3685 1337 3750 omnino
1357 3684 1447 3750 alter

300 3811 403 3878 horno
419 3812 570 3877 inveniri
587 3835 656 3879 nou
673 3819 801 3899 potest,
817 3811 867 3876 ita
886 3811 998 3876 virtus
1018 3810 1054 3874 in
1073 3833 1142 3876 uuo
1162 3812 1237 3875 loco
1256 3810 1445 3876 secundum

301 3958 406 4002 unam
426 3936 636 4022 eandemque
656 3937 916 4025 dispositionem
937 3942 989 4000 est
1008 3935 1353 4001 incommunicabilis.

393 4291 442 4339 ae
458 4290 495 4339 da
512 4291 660 4340 cancellare
678 4286 801 4372 ilmprimo
822 4306 836 4337 o
857 4288 984 4350 piulloslo
1002 4287 1023 4338 il
1043 4289 1153 4338 secondo
1171 4296 1204 4339 ut
1259 4291 1274 4339 5
1292 4305 1347 4339 non
1365 4307 1381 4337 a
1396 4309 1413 4338 u
1429 4308 1445 4339 rr

301 4371 402 4421 estur*
467 4374 497 4421 18
513 4371 665 4433 communi]
680 4371 864 4422 corrasit!
924 4372 1064 4435 20Lybia
1078 4372 1109 4421 Μ
1169 4371 1444 4422 warfemundita·

301 4455 339 4502 tis
354 4451 386 4501 M
446 4455 477 4502 22
494 4453 628 4512 Affriooo]
643 4452 694 4514 aie,
708 4453 742 4517 rs.
757 4470 774 4501 a
785 4468 814 4514 p.
829 4453 895 4512 555,
913 4452 944 4500 lo'
1007 4454 1039 4502 26
1049 4452 1127 4516 sorae
1141 4451 1218 4503 sicut
1233 4453 1334 4511 (anim)
