3488 5108
655 407 700 451 rm
721 406 875 452 vmevms
896 405 930 450 ru
952 407 1094 451 (annana.
1390 393 1450 452 ott

300 560 553 648 stupiditatem,
574 563 635 648 qni
654 562 697 628 ad
715 563 866 648 reliquos
891 562 1028 629 ordines
1053 570 1105 628 est
1125 586 1245 630 caecus
1273 570 1308 630 et
1332 565 1450 631 remis-

299 709 370 769 sus,
388 688 443 752 vel
458 694 600 775 propter
619 688 751 755 vinculi
768 689 871 754 unius
888 688 1157 772 vehementiam,
1175 712 1262 775 quae
1283 690 1331 757 sic
1348 692 1450 758 unice

299 812 433 898 affligat
453 819 556 900 atque
575 820 748 901 torqueat,
774 822 813 880 ut
838 814 918 880 inde
943 815 1090 881 aliorum
1120 838 1241 882 sensus
1264 816 1448 903 lentescat,

299 938 484 1022 obruatur,
504 940 751 1026 supprimatur.
772 940 848 1006 Hoc
872 962 953 1006 vcro
973 962 1050 1006 raro
1069 941 1159 1006 etin
1179 943 1299 1029 paucis
1323 942 1450 1010 accidit

253 1065 274 1128 ὅ
299 1071 334 1129 et
353 1071 405 1130 est
424 1064 599 1146 mirabile,
620 1066 715 1131 utin
736 1065 961 1151 quibusdam,
993 1067 1054 1151 qui
1083 1090 1144 1153 spe
1174 1069 1270 1134 vitae
1289 1076 1449 1135 aeternae

297 1196 332 1255 et
352 1190 501 1276 quadam
518 1191 707 1257 vivacitate
720 1190 801 1256 fidei
817 1191 872 1257 vel
888 1191 1104 1258 credulitatis
1122 1193 1171 1258 ita
1184 1195 1300 1260 animo
1311 1194 1448 1283 abrepti

297 1314 464 1381 visisunt
492 1322 528 1381 et
553 1338 572 1381 a
596 1338 737 1403 corpore
761 1316 1014 1402 quodammodo
1040 1316 1214 1402 distracti,
1240 1326 1274 1384 et
1298 1320 1445 1406 obiecto,

298 1440 353 1506 eui
367 1439 571 1527 phantasiae
585 1447 619 1506 et
630 1440 805 1529 opinionis
822 1443 953 1508 virtute
973 1442 1127 1509 devincti
1143 1451 1251 1528 erant,
1265 1445 1446 1511 vehemen-

296 1565 366 1632 tius
382 1567 610 1652 astringente,
628 1566 810 1633 horribiles
830 1567 1002 1634 cruciatus
1015 1592 1058 1634 ne
1071 1570 1199 1635 sentire
1219 1571 1357 1656 quidem
1377 1571 1446 1637 visi

233 1699 276 1762 10
298 1698 394 1777 sunt,
420 1693 516 1758 utin
535 1692 741 1759 Anaxarcho
766 1691 971 1780 philosopho
996 1701 1030 1759 et
1054 1694 1194 1760 Andrea
1220 1694 1388 1779 Galilan,
1408 1697 1445 1762 in

297 1817 485 1884 Laurentio
509 1818 713 1905 presbytero
737 1826 771 1884 et
798 1819 877 1884 aliis
900 1842 1008 1905 usque
1038 1820 1081 1886 ad
1110 1826 1265 1885 nostram
1295 1828 1445 1888 aetatem

296 1965 359 2031 pro
379 1943 557 2036 religionis
576 1944 689 2032 specie
706 1945 743 2010 in
761 1945 936 2032 principes
951 1951 986 2010 et
1004 1968 1102 2032 reges
1120 1944 1253 2011 sicariis
1269 1953 1321 2011 est
1337 1948 1445 2013 mani-

296 2068 437 2152 t'estum3
457 2092 533 2137 cum
553 2070 689 2136 ratione
713 2093 794 2137 vero
817 2070 856 2136 in
880 2070 1011 2158 Cynico
1035 2070 1192 2158 Diogene
1218 2079 1251 2137 et
1275 2073 1442 2160 Epicuro,

296 2196 424 2280 quibus
443 2195 507 2262 hac
526 2195 660 2262 ratione
680 2195 795 2262 animo
815 2218 930 2262 rerum
955 2203 1156 2284 contemptu
1181 2203 1216 2262 et
1240 2197 1353 2284 specie
1373 2197 1443 2285 opi-

231 2328 272 2394 15
295 2320 411 2386 nionis
435 2321 623 2387 secundnm
646 2320 820 2409 principia
846 2322 1019 2388 naturalia
1043 2328 1077 2386 ct
1102 2321 1238 2388 ordines
1267 2323 1440 2407 devincto,

296 2468 433 2512 sensum
454 2447 673 2534 voluptatum
692 2453 726 2513 et
747 2447 904 2513 dolorum
924 2448 1078 2514 omnium
1103 2447 1307 2534 abigebant;
1331 2471 1442 2534 ...que

295 2596 468 2640 summum
487 2573 589 2639 huius
613 2573 707 2639 vitae
731 2596 794 2661 pro
816 2573 1014 2640 conditione
1038 2574 1209 2640 humanae
1230 2575 1356 2662 speciei
1380 2577 1438 2643 bo-

295 2722 379 2765 num
399 2720 434 2764 se
450 2707 651 2785 assequntos
676 2722 748 2765 esse
773 2700 971 2784 censebant,
996 2700 1057 2766 nbi
1081 2699 1236 2766 animum
1261 2708 1357 2767 extra
1382 2700 1440 2767 do-

295 2826 415 2908 lorem,
435 2825 609 2907 timorem,
635 2825 722 2891 iram
747 2825 932 2911 tristesque
957 2825 1043 2891 alios
1063 2824 1206 2891 affectus
1231 2827 1382 2913 positum
1402 2828 1439 2894 in

227 2947 272 3015 20
295 2949 444 3036 quadam
462 2951 600 3018 heroica
618 2953 799 3039 voluptate
818 2958 1010 3034 servarent,
1035 2958 1070 3016 et
1093 2974 1207 3018 rerum
1231 2952 1439 3039 ignobilium

293 3097 381 3160 quaa
399 3083 481 3141 sunt
499 3076 537 3141 in
556 3077 620 3142 hac
644 3077 732 3160 vita,
756 3099 880 3164 nempe
903 3083 1215 3164 temporancarum,
1237 3085 1439 3166 contemptu

292 3200 444 3267 Deorum
476 3201 679 3268 assimilem
703 3201 812 3268 vitam
840 3202 877 3269 in
911 3202 976 3268 hoo
1013 3203 1119 3270 etiam
1139 3203 1277 3269 mortali
1297 3225 1437 3291 corpore

293 3333 520 3412 consequutos
543 3328 777 3411 testabantur,
801 3327 920 3414 itaque
944 3350 1116 3395 summum
1148 3329 1275 3395 bonum
1307 3337 1342 3394 et
1369 3330 1438 3394 exi-

292 3449 396 3517 miam
416 3452 582 3519 virtutem
607 3476 684 3519 cum
707 3453 785 3519 aliis
810 3453 1013 3539 ostendisse,
1045 3461 1120 3520 tum
1150 3454 1242 3542 ipsos
1266 3461 1436 3542 putarunt

225 3573 268 3637 25
292 3598 328 3641 se
347 3599 419 3643 esse
439 3585 676 3665 consequutus,

542 3735 554 3763 b

591 3810 650 3856 Quid
666 3810 745 3860 genitu
760 3812 865 3851 conferat
881 3811 999 3851 vluclentt.
1015 3813 1065 3852 hrt.
1082 3812 1133 3853 vll.

379 4008 470 4074 Sunt
494 4008 554 4094 qui
578 4008 697 4076 dicant
715 4010 926 4077 vincientem
944 4011 1040 4098 genii
1064 4012 1306 4100 superioritate
1328 4014 1433 4081 alium

287 4134 420 4201 vincire
436 4142 471 4200 et
488 4135 531 4200 ab
549 4134 616 4202 alio
634 4159 705 4202 non
722 4137 899 4222 revinciri,
920 4138 1090 4225 comparis
1110 4161 1191 4204 vero
1208 4139 1341 4226 ingenii
1360 4164 1433 4207 csse

379 4400 403 4452 7.
414 4401 447 4451 10
461 4404 492 4452 ct
505 4400 738 4471 obiecto-suna]
748 4403 785 4454 ric
795 4402 827 4453 M
888 4404 919 4454 10
930 4407 965 4468 cf.
975 4421 1059 4469 sopra
1064 4422 1095 4470 p.
1108 4407 1251 4471 Metapa.
1319 4408 1349 4457 12
1362 4407 1431 4459 sica·

286 4481 347 4533 rios
359 4480 393 4533 M
453 4482 483 4532 14
492 4482 572 4545 sorae
585 4482 636 4549 qui
699 4484 731 4535 16
749 4490 855 4550 ...qnc]
870 4485 981 4552 subque
992 4479 1039 4535 ll!b
1052 4503 1058 4536 :
1065 4488 1144 4552 sorae
1156 4487 1254 4554 itaque

418 4572 497 4616 Bnuxu
513 4572 568 4624 opp.
584 4576 624 4615 lae.
640 4575 683 4617 111.
1244 4581 1269 4619 tt
