<?xml version="1.0" encoding="UTF-8"?>
<!DOCTYPE html PUBLIC "-//W3C//DTD XHTML 1.0 Transitional//EN"
    "http://www.w3.org/TR/xhtml1/DTD/xhtml1-transitional.dtd">
<html xmlns="http://www.w3.org/1999/xhtml" xml:lang="en" lang="en">
 <head>
  <title>
</title>
<meta http-equiv="Content-Type" content="text/html;charset=utf-8" />
  <meta name='ocr-system' content='tesseract 3.04.00' />
  <meta name='ocr-capabilities' content='ocr_page ocr_carea ocr_par ocr_line ocrx_word'/>
</head>
<body>
  <div class='ocr_page' id='page_1' title='image "./jordanibruninol05brungoog_0616.png"; bbox 0 0 3488 5108; ppageno 0'>
   <div class='ocr_carea' id='block_1_1' title="bbox 585 425 1387 492">
    <p class='ocr_par' dir='ltr' id='par_1_1' title="bbox 585 425 1387 492">
     <span class='ocr_line' id='line_1_1' title="bbox 585 425 1387 492; baseline -0.01 0"><span class='ocrx_word' id='word_1_1' title='bbox 585 448 628 492; x_wconf 80' lang='lat' dir='ltr'>na</span> <span class='ocrx_word' id='word_1_2' title='bbox 648 448 763 492; x_wconf 82' lang='lat' dir='ltr'>anavu</span> <span class='ocrx_word' id='word_1_3' title='bbox 784 447 961 492; x_wconf 73' lang='lat' dir='ltr'>catucirno</span> <span class='ocrx_word' id='word_1_4' title='bbox 982 446 1052 491; x_wconf 76' lang='lat' dir='ltr'>aro.</span> <span class='ocrx_word' id='word_1_5' title='bbox 1328 425 1387 485; x_wconf 74' lang='grc'>549</span> 
     </span>
    </p>
   </div>
   <div class='ocr_carea' id='block_1_2' title="bbox 189 599 1395 2075">
    <p class='ocr_par' dir='ltr' id='par_1_2' title="bbox 189 599 1395 2075">
     <span class='ocr_line' id='line_1_2' title="bbox 250 599 1388 683; baseline -0.008 -13"><span class='ocrx_word' id='word_1_6' title='bbox 250 605 465 671; x_wconf 85' lang='lat' dir='ltr'>considerare</span> <span class='ocrx_word' id='word_1_7' title='bbox 488 626 558 669; x_wconf 90' lang='lat' dir='ltr'>non</span> <span class='ocrx_word' id='word_1_8' title='bbox 578 611 630 668; x_wconf 88' lang='lat' dir='ltr'>est</span> <span class='ocrx_word' id='word_1_9' title='bbox 647 602 705 669; x_wconf 92' lang='lat' dir='ltr'>hic</span> <span class='ocrx_word' id='word_1_10' title='bbox 724 604 832 683; x_wconf 72' lang='lat' dir='ltr'>lewe,</span> <span class='ocrx_word' id='word_1_11' title='bbox 851 603 911 670; x_wconf 90' lang='lat' dir='ltr'>ubi</span> <span class='ocrx_word' id='word_1_12' title='bbox 933 609 1069 668; x_wconf 89' lang='lat' dir='ltr'>tantum</span> <span class='ocrx_word' id='word_1_13' title='bbox 1087 599 1315 667; x_wconf 83' lang='lat' dir='ltr'>universalem</span> <span class='ocrx_word' id='word_1_14' title='bbox 1336 620 1388 661; x_wconf 88' lang='lat' dir='ltr'>ra·</span> 
     </span>
     <span class='ocr_line' id='line_1_3' title="bbox 250 724 1390 813; baseline -0.008 -16"><span class='ocrx_word' id='word_1_15' title='bbox 250 733 379 797; x_wconf 89' lang='lat' dir='ltr'>tionem</span> <span class='ocrx_word' id='word_1_16' title='bbox 400 753 513 796; x_wconf 89' lang='lat' dir='ltr'>rarum</span> <span class='ocrx_word' id='word_1_17' title='bbox 542 729 705 795; x_wconf 86' lang='lat' dir='ltr'>debemus</span> <span class='ocrx_word' id='word_1_18' title='bbox 733 729 899 811; x_wconf 83' lang='lat' dir='ltr'>indicare,</span> <span class='ocrx_word' id='word_1_19' title='bbox 920 752 962 793; x_wconf 81' lang='lat' dir='ltr'>ex</span> <span class='ocrx_word' id='word_1_20' title='bbox 990 751 1058 813; x_wconf 90' lang='lat' dir='ltr'>qua</span> <span class='ocrx_word' id='word_1_21' title='bbox 1078 726 1226 811; x_wconf 89' lang='lat' dir='ltr'>quilibet</span> <span class='ocrx_word' id='word_1_22' title='bbox 1243 724 1298 790; x_wconf 87' lang='lat' dir='ltr'>vel</span> <span class='ocrx_word' id='word_1_23' title='bbox 1324 746 1390 788; x_wconf 90' lang='lat' dir='ltr'>me·</span> 
     </span>
     <span class='ocr_line' id='line_1_4' title="bbox 250 848 1390 941; baseline -0.009 -19"><span class='ocrx_word' id='word_1_24' title='bbox 250 855 375 922; x_wconf 87' lang='lat' dir='ltr'>diocris</span> <span class='ocrx_word' id='word_1_25' title='bbox 392 848 525 941; x_wconf 86' lang='lat' dir='ltr'>ingenii</span> <span class='ocrx_word' id='word_1_26' title='bbox 541 877 602 940; x_wconf 88' lang='lat' dir='ltr'>per</span> <span class='ocrx_word' id='word_1_27' title='bbox 620 877 655 919; x_wconf 86' lang='lat' dir='ltr'>se</span> <span class='ocrx_word' id='word_1_28' title='bbox 671 854 786 940; x_wconf 87' lang='lat' dir='ltr'>ipsum</span> <span class='ocrx_word' id='word_1_29' title='bbox 802 852 1001 940; x_wconf 87' lang='lat' dir='ltr'>fragmenta</span> <span class='ocrx_word' id='word_1_30' title='bbox 1020 851 1187 934; x_wconf 74' lang='lat' dir='ltr'>volitatio,</span> <span class='ocrx_word' id='word_1_31' title='bbox 1206 872 1292 935; x_wconf 91' lang='lat' dir='ltr'>quae</span> <span class='ocrx_word' id='word_1_32' title='bbox 1309 855 1390 914; x_wconf 85' lang='lat' dir='ltr'>sunt</span> 
     </span>
     <span class='ocr_line' id='line_1_5' title="bbox 251 974 1390 1069; baseline -0.009 -21"><span class='ocrx_word' id='word_1_33' title='bbox 251 1004 370 1069; x_wconf 88' lang='lat' dir='ltr'>sparsa</span> <span class='ocrx_word' id='word_1_34' title='bbox 388 980 425 1046; x_wconf 94' lang='lat' dir='ltr'>in</span> <span class='ocrx_word' id='word_1_35' title='bbox 456 978 569 1044; x_wconf 84' lang='lat' dir='ltr'>medio</span> <span class='ocrx_word' id='word_1_36' title='bbox 588 986 641 1044; x_wconf 90' lang='lat' dir='ltr'>tot</span> <span class='ocrx_word' id='word_1_37' title='bbox 668 978 877 1062; x_wconf 72' lang='lat' dir='ltr'><strong>vanitatum,</strong></span> <span class='ocrx_word' id='word_1_38' title='bbox 903 977 1029 1063; x_wconf 84' lang='lat' dir='ltr'>quibus</span> <span class='ocrx_word' id='word_1_39' title='bbox 1059 976 1177 1041; x_wconf 84' lang='lat' dir='ltr'>referti</span> <span class='ocrx_word' id='word_1_40' title='bbox 1198 982 1277 1041; x_wconf 85' lang='lat' dir='ltr'>sunt</span> <span class='ocrx_word' id='word_1_41' title='bbox 1308 974 1390 1039; x_wconf 86' lang='lat' dir='ltr'>libri</span> 
     </span>
     <span class='ocr_line' id='line_1_6' title="bbox 206 1101 1392 1192; baseline -0.007 -20"><span class='ocrx_word' id='word_1_42' title='bbox 206 1106 448 1192; x_wconf 79' lang='lat' dir='ltr'>bastrologici</span> <span class='ocrx_word' id='word_1_43' title='bbox 480 1114 516 1172; x_wconf 91' lang='lat' dir='ltr'>et</span> <span class='ocrx_word' id='word_1_44' title='bbox 543 1103 730 1188; x_wconf 64' lang='lat' dir='ltr'>indiciam,</span> <span class='ocrx_word' id='word_1_45' title='bbox 765 1103 931 1191; x_wconf 82' lang='lat' dir='ltr'>perfacile</span> <span class='ocrx_word' id='word_1_46' title='bbox 959 1102 1069 1190; x_wconf 84' lang='lat' dir='ltr'>possit</span> <span class='ocrx_word' id='word_1_47' title='bbox 1096 1101 1273 1188; x_wconf 78' lang='lat' dir='ltr'>colligere,</span> <span class='ocrx_word' id='word_1_48' title='bbox 1292 1123 1392 1187; x_wconf 87' lang='lat' dir='ltr'>expe-</span> 
     </span>
     <span class='ocr_line' id='line_1_7' title="bbox 252 1228 1390 1318; baseline -0.004 -21"><span class='ocrx_word' id='word_1_49' title='bbox 252 1232 328 1318; x_wconf 85' lang='lat' dir='ltr'>riri,</span> <span class='ocrx_word' id='word_1_50' title='bbox 350 1232 520 1317; x_wconf 78' lang='lat' dir='ltr'>corrigere</span> <span class='ocrx_word' id='word_1_51' title='bbox 550 1237 585 1296; x_wconf 88' lang='lat' dir='ltr'>et</span> <span class='ocrx_word' id='word_1_52' title='bbox 604 1229 893 1317; x_wconf 77' lang='lat' dir='ltr'>complementum</span> <span class='ocrx_word' id='word_1_53' title='bbox 912 1228 1088 1311; x_wconf 88' lang='lat' dir='ltr'>invenire;</span> <span class='ocrx_word' id='word_1_54' title='bbox 1109 1229 1205 1295; x_wconf 84' lang='lat' dir='ltr'>cuius</span> <span class='ocrx_word' id='word_1_55' title='bbox 1222 1229 1279 1302; x_wconf 82' lang='lat' dir='ltr'>¹rei</span> <span class='ocrx_word' id='word_1_56' title='bbox 1297 1228 1390 1314; x_wconf 89' lang='lat' dir='ltr'>viam</span> 
     </span>
     <span class='ocr_line' id='line_1_8' title="bbox 252 1353 1394 1442; baseline -0.005 -19"><span class='ocrx_word' id='word_1_57' title='bbox 252 1363 560 1423; x_wconf 86' lang='lat' dir='ltr'>commonstramus</span> <span class='ocrx_word' id='word_1_58' title='bbox 577 1378 665 1437; x_wconf 89' lang='lat' dir='ltr'>eam,</span> <span class='ocrx_word' id='word_1_59' title='bbox 687 1377 790 1440; x_wconf 88' lang='lat' dir='ltr'>quam</span> <span class='ocrx_word' id='word_1_60' title='bbox 809 1355 968 1420; x_wconf 89' lang='lat' dir='ltr'>novimus</span> <span class='ocrx_word' id='word_1_61' title='bbox 987 1377 1049 1442; x_wconf 89' lang='lat' dir='ltr'>per</span> <span class='ocrx_word' id='word_1_62' title='bbox 1068 1353 1321 1439; x_wconf 78' lang='lat' dir='ltr'>intelligentiae</span> <span class='ocrx_word' id='word_1_63' title='bbox 1340 1375 1394 1418; x_wconf 86' lang='lat' dir='ltr'>su-</span> 
     </span>
     <span class='ocr_line' id='line_1_9' title="bbox 251 1477 1394 1570; baseline -0.005 -22"><span class='ocrx_word' id='word_1_64' title='bbox 251 1483 395 1570; x_wconf 86' lang='lat' dir='ltr'>perieris</span> <span class='ocrx_word' id='word_1_65' title='bbox 410 1482 491 1549; x_wconf 84' lang='lat' dir='ltr'>solia</span> <span class='ocrx_word' id='word_1_66' title='bbox 505 1480 674 1563; x_wconf 84' lang='lat' dir='ltr'>favorem,</span> <span class='ocrx_word' id='word_1_67' title='bbox 691 1478 733 1545; x_wconf 86' lang='lat' dir='ltr'>de</span> <span class='ocrx_word' id='word_1_68' title='bbox 748 1480 1018 1568; x_wconf 83' lang='lat' dir='ltr'>particularibus</span> <span class='ocrx_word' id='word_1_69' title='bbox 1037 1477 1228 1567; x_wconf 89' lang='lat' dir='ltr'>periculum</span> <span class='ocrx_word' id='word_1_70' title='bbox 1245 1485 1279 1543; x_wconf 90' lang='lat' dir='ltr'>et</span> <span class='ocrx_word' id='word_1_71' title='bbox 1295 1500 1394 1565; x_wconf 90' lang='lat' dir='ltr'>expe·</span> 
     </span>
     <span class='ocr_line' id='line_1_10' title="bbox 252 1603 1394 1690; baseline -0.006 -16"><span class='ocrx_word' id='word_1_72' title='bbox 252 1608 414 1675; x_wconf 89' lang='lat' dir='ltr'>rientiam</span> <span class='ocrx_word' id='word_1_73' title='bbox 431 1607 545 1673; x_wconf 85' lang='lat' dir='ltr'>facere</span> <span class='ocrx_word' id='word_1_74' title='bbox 564 1606 730 1672; x_wconf 82' lang='lat' dir='ltr'>hactenus</span> <span class='ocrx_word' id='word_1_75' title='bbox 750 1628 821 1671; x_wconf 91' lang='lat' dir='ltr'>non</span> <span class='ocrx_word' id='word_1_76' title='bbox 840 1613 892 1671; x_wconf 86' lang='lat' dir='ltr'>est</span> <span class='ocrx_word' id='word_1_77' title='bbox 912 1627 1110 1671; x_wconf 84' lang='lat' dir='ltr'>concessum</span> <span class='ocrx_word' id='word_1_78' title='bbox 1134 1603 1234 1670; x_wconf 87' lang='lat' dir='ltr'>nobis</span> <span class='ocrx_word' id='word_1_79' title='bbox 1253 1609 1394 1690; x_wconf 87' lang='lat' dir='ltr'>propter</span> 
     </span>
     <span class='ocr_line' id='line_1_11' title="bbox 189 1728 1392 1820; baseline -0.009 -16"><span class='ocrx_word' id='word_1_80' title='bbox 189 1742 229 1804; x_wconf 90' lang='lat'>10</span> <span class='ocrx_word' id='word_1_81' title='bbox 252 1736 362 1820; x_wconf 83' lang='lat' dir='ltr'>magis</span> <span class='ocrx_word' id='word_1_82' title='bbox 382 1742 545 1820; x_wconf 85' lang='lat' dir='ltr'>urgentes</span> <span class='ocrx_word' id='word_1_83' title='bbox 565 1732 808 1820; x_wconf 85' lang='lat' dir='ltr'>occupationes</span> <span class='ocrx_word' id='word_1_84' title='bbox 827 1739 862 1797; x_wconf 91' lang='lat' dir='ltr'>et</span> <span class='ocrx_word' id='word_1_85' title='bbox 881 1730 1032 1818; x_wconf 89' lang='lat' dir='ltr'>plurima</span> <span class='ocrx_word' id='word_1_86' title='bbox 1052 1729 1300 1817; x_wconf 84' lang='lat' dir='ltr'>impedimenta</span> <span class='ocrx_word' id='word_1_87' title='bbox 1320 1728 1392 1813; x_wconf 87' lang='lat' dir='ltr'>qui·</span> 
     </span>
     <span class='ocr_line' id='line_1_12' title="bbox 253 1856 1394 1946; baseline -0.006 -19"><span class='ocrx_word' id='word_1_88' title='bbox 253 1861 317 1927; x_wconf 89' lang='lat' dir='ltr'>bus</span> <span class='ocrx_word' id='word_1_89' title='bbox 336 1861 540 1946; x_wconf 85' lang='lat' dir='ltr'>obligamur.</span> <span class='ocrx_word' id='word_1_90' title='bbox 562 1859 657 1924; x_wconf 89' lang='lat' dir='ltr'>Haeo</span> <span class='ocrx_word' id='word_1_91' title='bbox 675 1864 757 1924; x_wconf 85' lang='lat' dir='ltr'>aunt</span> <span class='ocrx_word' id='word_1_92' title='bbox 781 1881 868 1944; x_wconf 91' lang='lat' dir='ltr'>quae</span> <span class='ocrx_word' id='word_1_93' title='bbox 886 1859 964 1945; x_wconf 84' lang='lat' dir='ltr'>plus</span> <span class='ocrx_word' id='word_1_94' title='bbox 984 1879 1087 1943; x_wconf 88' lang='lat' dir='ltr'>quam</span> <span class='ocrx_word' id='word_1_95' title='bbox 1107 1857 1151 1922; x_wconf 91' lang='lat' dir='ltr'>ad</span> <span class='ocrx_word' id='word_1_96' title='bbox 1175 1856 1394 1922; x_wconf 87' lang='lat' dir='ltr'>medietatem</span> 
     </span>
     <span class='ocr_line' id='line_1_13' title="bbox 254 1981 1395 2075; baseline -0.007 -21"><span class='ocrx_word' id='word_1_97' title='bbox 254 1987 388 2075; x_wconf 87' lang='lat' dir='ltr'>negotii</span> <span class='ocrx_word' id='word_1_98' title='bbox 407 1987 520 2053; x_wconf 88' lang='lat' dir='ltr'>facere</span> <span class='ocrx_word' id='word_1_99' title='bbox 539 1985 688 2070; x_wconf 88' lang='lat' dir='ltr'>quilibet</span> <span class='ocrx_word' id='word_1_100' title='bbox 705 2006 768 2073; x_wconf 89' lang='lat' dir='ltr'>per</span> <span class='ocrx_word' id='word_1_101' title='bbox 787 2007 823 2050; x_wconf 89' lang='lat' dir='ltr'>se</span> <span class='ocrx_word' id='word_1_102' title='bbox 841 1991 957 2071; x_wconf 87' lang='lat' dir='ltr'>potest</span> <span class='ocrx_word' id='word_1_103' title='bbox 977 1983 1108 2067; x_wconf 84' lang='lat' dir='ltr'>videre,</span> <span class='ocrx_word' id='word_1_104' title='bbox 1129 1982 1248 2048; x_wconf 87' lang='lat' dir='ltr'>crebra</span> <span class='ocrx_word' id='word_1_105' title='bbox 1267 1991 1302 2048; x_wconf 90' lang='lat' dir='ltr'>et</span> <span class='ocrx_word' id='word_1_106' title='bbox 1320 1981 1395 2067; x_wconf 87' lang='lat' dir='ltr'>iugi</span> 
     </span>
    </p>
   </div>
   <div class='ocr_carea' id='block_1_3' title="bbox 253 2110 1395 2205">
    <p class='ocr_par' dir='ltr' id='par_1_3' title="bbox 253 2110 1395 2205">
     <span class='ocr_line' id='line_1_14' title="bbox 253 2110 1395 2205; baseline -0.006 -23"><span class='ocrx_word' id='word_1_107' title='bbox 253 2116 465 2205; x_wconf 85' lang='lat' dir='ltr'>experientia</span> <span class='ocrx_word' id='word_1_108' title='bbox 483 2115 549 2181; x_wconf 89' lang='lat' dir='ltr'>hoc</span> <span class='ocrx_word' id='word_1_109' title='bbox 563 2113 630 2179; x_wconf 92' lang='lat' dir='ltr'>huc</span> <span class='ocrx_word' id='word_1_110' title='bbox 646 2110 905 2179; x_wconf 84' lang='lat' dir='ltr'>ambulantibus</span> <span class='ocrx_word' id='word_1_111' title='bbox 921 2110 1023 2178; x_wconf 87' lang='lat' dir='ltr'>facile</span> <span class='ocrx_word' id='word_1_112' title='bbox 1040 2112 1114 2177; x_wconf 82' lang='lat' dir='ltr'>sine</span> <span class='ocrx_word' id='word_1_113' title='bbox 1130 2112 1276 2178; x_wconf 86' lang='lat' dir='ltr'>aliorum</span> <span class='ocrx_word' id='word_1_114' title='bbox 1293 2111 1395 2176; x_wconf 81' lang='lat' dir='ltr'>libro</span> 
     </span>
    </p>
   </div>
   <div class='ocr_carea' id='block_1_4' title="bbox 191 2241 1396 2439">
    <p class='ocr_par' dir='ltr' id='par_1_4' title="bbox 191 2241 1396 2439">
     <span class='ocr_line' id='line_1_15' title="bbox 254 2241 1396 2327; baseline -0.003 -18"><span class='ocrx_word' id='word_1_115' title='bbox 254 2267 331 2309; x_wconf 91' lang='lat' dir='ltr'>rum</span> <span class='ocrx_word' id='word_1_116' title='bbox 350 2243 464 2309; x_wconf 85' lang='lat' dir='ltr'>studio</span> <span class='ocrx_word' id='word_1_117' title='bbox 494 2242 600 2308; x_wconf 88' lang='lat' dir='ltr'>etiam</span> <span class='ocrx_word' id='word_1_118' title='bbox 618 2263 732 2306; x_wconf 90' lang='lat' dir='ltr'>rerum</span> <span class='ocrx_word' id='word_1_119' title='bbox 762 2241 1026 2327; x_wconf 88' lang='lat' dir='ltr'>particularium</span> <span class='ocrx_word' id='word_1_120' title='bbox 1050 2242 1139 2308; x_wconf 89' lang='lat' dir='ltr'>ratio</span> <span class='ocrx_word' id='word_1_121' title='bbox 1171 2241 1283 2307; x_wconf 85' lang='lat' dir='ltr'>soilli</span> <span class='ocrx_word' id='word_1_122' title='bbox 1315 2241 1396 2307; x_wconf 86' lang='lat' dir='ltr'>insi·</span> 
     </span>
     <span class='ocr_line' id='line_1_16' title="bbox 191 2373 388 2439; baseline 0.01 -3"><span class='ocrx_word' id='word_1_123' title='bbox 191 2373 388 2439; x_wconf 74' lang='lat' dir='ltr'>tenuabit.</span> 
     </span>
    </p>
   </div>
   <div class='ocr_carea' id='block_1_5' title="bbox 255 2707 1509 3047">
    <p class='ocr_par' dir='ltr' id='par_1_5' title="bbox 255 2707 1509 3047">
     <span class='ocr_line' id='line_1_17' title="bbox 255 2707 1509 2777; baseline -0.001 0"><span class='ocrx_word' id='word_1_124' title='bbox 255 2711 318 2777; x_wconf 89' lang='lat' dir='ltr'>DE</span> <span class='ocrx_word' id='word_1_125' title='bbox 342 2709 550 2776; x_wconf 81' lang='lat' dir='ltr'>VIRTVTE</span> <span class='ocrx_word' id='word_1_126' title='bbox 583 2708 643 2773; x_wconf 79' lang='grc' dir='ltr'>ΕΤ</span> <span class='ocrx_word' id='word_1_127' title='bbox 681 2708 822 2774; x_wconf 71' lang='lat' dir='ltr'>VI&#39;l&#39;IIS</span> <span class='ocrx_word' id='word_1_128' title='bbox 847 2707 1095 2775; x_wconf 77' lang='lat' dir='ltr'>SIGNORVM</span> <span class='ocrx_word' id='word_1_129' title='bbox 1130 2709 1189 2774; x_wconf 80' lang='grc' dir='ltr'>ΕΤ</span> <span class='ocrx_word' id='word_1_130' title='bbox 1224 2709 1395 2775; x_wconf 79' lang='lat' dir='ltr'><strong>PLANE·</strong></span> <span class='ocrx_word' id='word_1_131' title='bbox 1421 2715 1509 2777; x_wconf 66' lang='lat'>50²</span> 
     </span>
     <span class='ocr_line' id='line_1_18' title="bbox 344 2836 1398 2921; baseline -0.002 -18"><span class='ocrx_word' id='word_1_132' title='bbox 344 2838 509 2903; x_wconf 82' lang='lat' dir='ltr'>TARVM</span> <span class='ocrx_word' id='word_1_133' title='bbox 545 2836 874 2921; x_wconf 80' lang='lat' dir='ltr'>SINGVLORVM,</span> <span class='ocrx_word' id='word_1_134' title='bbox 897 2837 1060 2903; x_wconf 82' lang='lat' dir='ltr'><strong>NEMPE</strong></span> <span class='ocrx_word' id='word_1_135' title='bbox 1089 2837 1209 2904; x_wconf 83' lang='lat' dir='ltr'><strong>LVGE</strong></span> <span class='ocrx_word' id='word_1_136' title='bbox 1242 2838 1301 2904; x_wconf 86' lang='grc' dir='ltr'>ΕΤ</span> <span class='ocrx_word' id='word_1_137' title='bbox 1325 2839 1398 2902; x_wconf 84' lang='grc' dir='ltr'>ΤΕ-</span> 
     </span>
     <span class='ocr_line' id='line_1_19' title="bbox 345 2961 1297 3047; baseline 0.001 -19"><span class='ocrx_word' id='word_1_138' title='bbox 345 2963 531 3047; x_wconf 73' lang='lat' dir='ltr'>naama,</span> <span class='ocrx_word' id='word_1_139' title='bbox 558 2962 729 3042; x_wconf 79' lang='lat' dir='ltr'>QVIBVS</span> <span class='ocrx_word' id='word_1_140' title='bbox 754 2962 946 3028; x_wconf 80' lang='lat' dir='ltr'>SINGVLI</span> <span class='ocrx_word' id='word_1_141' title='bbox 970 2961 1297 3030; x_wconf 78' lang='lat' dir='ltr'>DOMINAN&#39;PVR.</span> 
     </span>
    </p>
   </div>
   <div class='ocr_carea' id='block_1_6' title="bbox 191 3182 1461 4155">
    <p class='ocr_par' dir='ltr' id='par_1_6' title="bbox 347 3182 1398 3270">
     <span class='ocr_line' id='line_1_20' title="bbox 347 3182 1398 3270; baseline 0 -21"><span class='ocrx_word' id='word_1_142' title='bbox 347 3184 402 3249; x_wconf 87' lang='lat' dir='ltr'>Ad</span> <span class='ocrx_word' id='word_1_143' title='bbox 418 3184 507 3249; x_wconf 91' lang='lat' dir='ltr'>hano</span> <span class='ocrx_word' id='word_1_144' title='bbox 523 3182 716 3250; x_wconf 84' lang='lat' dir='ltr'>doctrinam</span> <span class='ocrx_word' id='word_1_145' title='bbox 734 3189 867 3270; x_wconf 86' lang='lat' dir='ltr'>spectat</span> <span class='ocrx_word' id='word_1_146' title='bbox 883 3183 1099 3250; x_wconf 83' lang='lat' dir='ltr'>considerare</span> <span class='ocrx_word' id='word_1_147' title='bbox 1111 3183 1398 3270; x_wconf 85' lang='lat' dir='ltr'>quemadmodum</span> 
     </span>
    </p>

    <p class='ocr_par' dir='ltr' id='par_1_7' title="bbox 191 3309 1401 3399">
     <span class='ocr_line' id='line_1_21' title="bbox 191 3309 1401 3399; baseline 0.002 -24"><span class='ocrx_word' id='word_1_148' title='bbox 191 3327 235 3387; x_wconf 68' lang='grc' dir='ltr'>ρο</span> <span class='ocrx_word' id='word_1_149' title='bbox 258 3310 386 3395; x_wconf 89' lang='lat' dir='ltr'>ubique</span> <span class='ocrx_word' id='word_1_150' title='bbox 400 3319 480 3376; x_wconf 84' lang='lat' dir='ltr'>aunt</span> <span class='ocrx_word' id='word_1_151' title='bbox 492 3311 529 3375; x_wconf 92' lang='lat' dir='ltr'>in</span> <span class='ocrx_word' id='word_1_152' title='bbox 546 3309 674 3375; x_wconf 88' lang='lat' dir='ltr'>mundo</span> <span class='ocrx_word' id='word_1_153' title='bbox 694 3332 869 3397; x_wconf 84' lang='lat' dir='ltr'>corporeo,</span> <span class='ocrx_word' id='word_1_154' title='bbox 886 3316 920 3375; x_wconf 91' lang='lat' dir='ltr'>et</span> <span class='ocrx_word' id='word_1_155' title='bbox 935 3310 1038 3376; x_wconf 86' lang='lat' dir='ltr'>inhia</span> <span class='ocrx_word' id='word_1_156' title='bbox 1053 3333 1140 3396; x_wconf 90' lang='lat' dir='ltr'>quae</span> <span class='ocrx_word' id='word_1_157' title='bbox 1155 3310 1245 3376; x_wconf 86' lang='lat' dir='ltr'>circa</span> <span class='ocrx_word' id='word_1_158' title='bbox 1258 3333 1401 3399; x_wconf 87' lang='lat' dir='ltr'>corpora</span> 
     </span>
    </p>

    <p class='ocr_par' dir='ltr' id='par_1_8' title="bbox 258 3436 1402 3524">
     <span class='ocr_line' id='line_1_22' title="bbox 258 3436 1402 3524; baseline -0.001 -21"><span class='ocrx_word' id='word_1_159' title='bbox 258 3445 353 3519; x_wconf 83' lang='lat' dir='ltr'>aunt,</span> <span class='ocrx_word' id='word_1_160' title='bbox 373 3438 463 3503; x_wconf 92' lang='lat' dir='ltr'>bona</span> <span class='ocrx_word' id='word_1_161' title='bbox 482 3437 637 3504; x_wconf 86' lang='lat' dir='ltr'>admixta</span> <span class='ocrx_word' id='word_1_162' title='bbox 656 3436 757 3503; x_wconf 83' lang='lat' dir='ltr'>malis</span> <span class='ocrx_word' id='word_1_163' title='bbox 775 3444 810 3502; x_wconf 91' lang='lat' dir='ltr'>et</span> <span class='ocrx_word' id='word_1_164' title='bbox 822 3437 913 3503; x_wconf 90' lang='lat' dir='ltr'>mala</span> <span class='ocrx_word' id='word_1_165' title='bbox 926 3437 1040 3522; x_wconf 84' lang='lat' dir='ltr'>bonis,</span> <span class='ocrx_word' id='word_1_166' title='bbox 1058 3437 1147 3503; x_wconf 78' lang='lat' dir='ltr'>sicut</span> <span class='ocrx_word' id='word_1_167' title='bbox 1164 3460 1333 3524; x_wconf 81' lang='lat' dir='ltr'>nusquam</span> <span class='ocrx_word' id='word_1_168' title='bbox 1349 3444 1402 3502; x_wconf 86' lang='lat' dir='ltr'>eat</span> 
     </span>
    </p>

    <p class='ocr_par' dir='ltr' id='par_1_9' title="bbox 259 3564 1461 3777">
     <span class='ocr_line' id='line_1_23' title="bbox 259 3564 1401 3652; baseline 0 -22"><span class='ocrx_word' id='word_1_169' title='bbox 259 3565 404 3630; x_wconf 88' lang='lat' dir='ltr'>materia</span> <span class='ocrx_word' id='word_1_170' title='bbox 423 3565 497 3630; x_wconf 85' lang='lat' dir='ltr'>sine</span> <span class='ocrx_word' id='word_1_171' title='bbox 516 3565 628 3631; x_wconf 87' lang='lat' dir='ltr'>forma</span> <span class='ocrx_word' id='word_1_172' title='bbox 647 3587 759 3651; x_wconf 88' lang='lat' dir='ltr'>nequa</span> <span class='ocrx_word' id='word_1_173' title='bbox 777 3564 889 3629; x_wconf 87' lang='lat' dir='ltr'>forma</span> <span class='ocrx_word' id='word_1_174' title='bbox 909 3564 984 3629; x_wconf 86' lang='lat' dir='ltr'>sina</span> <span class='ocrx_word' id='word_1_175' title='bbox 1005 3564 1147 3630; x_wconf 86' lang='lat' dir='ltr'>materia</span> <span class='ocrx_word' id='word_1_176' title='bbox 1172 3564 1208 3629; x_wconf 91' lang='lat' dir='ltr'>in</span> <span class='ocrx_word' id='word_1_177' title='bbox 1227 3564 1401 3652; x_wconf 64' lang='lat' dir='ltr'>physion,</span> 
     </span>
     <span class='ocr_line' id='line_1_24' title="bbox 259 3689 1461 3777; baseline -0.001 -21"><span class='ocrx_word' id='word_1_178' title='bbox 259 3699 357 3756; x_wconf 87' lang='lat' dir='ltr'>actus</span> <span class='ocrx_word' id='word_1_179' title='bbox 384 3692 459 3755; x_wconf 74' lang='lat' dir='ltr'>cine</span> <span class='ocrx_word' id='word_1_180' title='bbox 480 3691 649 3776; x_wconf 89' lang='lat' dir='ltr'>potentia,</span> <span class='ocrx_word' id='word_1_181' title='bbox 679 3690 836 3777; x_wconf 90' lang='lat' dir='ltr'>potentia</span> <span class='ocrx_word' id='word_1_182' title='bbox 860 3689 934 3755; x_wconf 84' lang='lat' dir='ltr'>aine</span> <span class='ocrx_word' id='word_1_183' title='bbox 954 3699 1051 3771; x_wconf 88' lang='lat' dir='ltr'>actu,</span> <span class='ocrx_word' id='word_1_184' title='bbox 1073 3689 1133 3755; x_wconf 86' lang='lat' dir='ltr'>lux</span> <span class='ocrx_word' id='word_1_185' title='bbox 1153 3689 1227 3755; x_wconf 81' lang='lat' dir='ltr'>sine</span> <span class='ocrx_word' id='word_1_186' title='bbox 1250 3690 1403 3755; x_wconf 83' lang='lat' dir='ltr'>tenebris</span> <span class='ocrx_word' id='word_1_187' title='bbox 1458 3705 1461 3708; x_wconf 55' lang='lat'><strong>⁴</strong></span> 
     </span>
    </p>

    <p class='ocr_par' dir='ltr' id='par_1_10' title="bbox 260 3815 1403 3881">
     <span class='ocr_line' id='line_1_25' title="bbox 260 3815 1403 3881; baseline 0 -1"><span class='ocrx_word' id='word_1_188' title='bbox 260 3824 295 3880; x_wconf 87' lang='lat' dir='ltr'>et</span> <span class='ocrx_word' id='word_1_189' title='bbox 314 3816 477 3881; x_wconf 88' lang='lat' dir='ltr'>tenebrae</span> <span class='ocrx_word' id='word_1_190' title='bbox 506 3815 581 3880; x_wconf 82' lang='lat' dir='ltr'>aine</span> <span class='ocrx_word' id='word_1_191' title='bbox 604 3815 689 3880; x_wconf 89' lang='lat' dir='ltr'>luce.</span> <span class='ocrx_word' id='word_1_192' title='bbox 715 3816 850 3879; x_wconf 90' lang='lat' dir='ltr'>Bonum</span> <span class='ocrx_word' id='word_1_193' title='bbox 870 3815 962 3879; x_wconf 89' lang='lat' dir='ltr'>enim</span> <span class='ocrx_word' id='word_1_194' title='bbox 983 3821 1035 3879; x_wconf 78' lang='lat' dir='ltr'>ost</span> <span class='ocrx_word' id='word_1_195' title='bbox 1059 3821 1197 3881; x_wconf 90' lang='lat' dir='ltr'>tantum</span> <span class='ocrx_word' id='word_1_196' title='bbox 1217 3838 1324 3881; x_wconf 90' lang='lat' dir='ltr'>unum</span> <span class='ocrx_word' id='word_1_197' title='bbox 1343 3816 1403 3881; x_wconf 90' lang='lat' dir='ltr'>ab·</span> 
     </span>
    </p>

    <p class='ocr_par' dir='ltr' id='par_1_11' title="bbox 194 3941 1403 4027">
     <span class='ocr_line' id='line_1_26' title="bbox 194 3941 1403 4027; baseline -0.004 -16"><span class='ocrx_word' id='word_1_198' title='bbox 194 3948 237 4011; x_wconf 75' lang='lat'>25</span> <span class='ocrx_word' id='word_1_199' title='bbox 261 3942 411 4007; x_wconf 82' lang='lat' dir='ltr'>solutum</span> <span class='ocrx_word' id='word_1_200' title='bbox 432 3941 685 4027; x_wconf 80' lang='lat' dir='ltr'>superomnia,</span> <span class='ocrx_word' id='word_1_201' title='bbox 713 3949 908 4027; x_wconf 68' lang='lat' dir='ltr'>sepiaratum</span> <span class='ocrx_word' id='word_1_202' title='bbox 929 3941 973 4005; x_wconf 91' lang='lat' dir='ltr'>ab</span> <span class='ocrx_word' id='word_1_203' title='bbox 993 3941 1170 4022; x_wconf 86' lang='lat' dir='ltr'>omnibus;</span> <span class='ocrx_word' id='word_1_204' title='bbox 1194 3942 1312 4026; x_wconf 84' lang='lat' dir='ltr'>itaque</span> <span class='ocrx_word' id='word_1_205' title='bbox 1333 3964 1403 4006; x_wconf 93' lang='lat' dir='ltr'>non</span> 
     </span>
    </p>

    <p class='ocr_par' dir='ltr' id='par_1_12' title="bbox 261 4068 1403 4155">
     <span class='ocr_line' id='line_1_27' title="bbox 261 4068 1403 4155; baseline 0.003 -23"><span class='ocrx_word' id='word_1_206' title='bbox 261 4077 313 4133; x_wconf 87' lang='lat' dir='ltr'>est</span> <span class='ocrx_word' id='word_1_207' title='bbox 332 4068 460 4134; x_wconf 90' lang='lat' dir='ltr'>malum</span> <span class='ocrx_word' id='word_1_208' title='bbox 480 4069 554 4133; x_wconf 83' lang='lat' dir='ltr'>eine</span> <span class='ocrx_word' id='word_1_209' title='bbox 574 4069 664 4134; x_wconf 88' lang='lat' dir='ltr'>bono</span> <span class='ocrx_word' id='word_1_210' title='bbox 683 4090 794 4153; x_wconf 90' lang='lat' dir='ltr'>neque</span> <span class='ocrx_word' id='word_1_211' title='bbox 812 4069 941 4134; x_wconf 89' lang='lat' dir='ltr'>bonum</span> <span class='ocrx_word' id='word_1_212' title='bbox 961 4068 1035 4134; x_wconf 84' lang='lat' dir='ltr'>eine</span> <span class='ocrx_word' id='word_1_213' title='bbox 1055 4068 1160 4144; x_wconf 79' lang='lat' dir='ltr'>male,</span> <span class='ocrx_word' id='word_1_214' title='bbox 1180 4069 1270 4134; x_wconf 89' lang='lat' dir='ltr'>etin</span> <span class='ocrx_word' id='word_1_215' title='bbox 1288 4069 1403 4155; x_wconf 78' lang='lat' dir='ltr'>plane</span> 
     </span>
    </p>
   </div>
   <div class='ocr_carea' id='block_1_7' title="bbox 263 4192 1403 4281">
    <p class='ocr_par' dir='ltr' id='par_1_13' title="bbox 263 4192 1403 4281">
     <span class='ocr_line' id='line_1_28' title="bbox 263 4192 1403 4281; baseline -0.001 -22"><span class='ocrx_word' id='word_1_216' title='bbox 263 4194 309 4259; x_wconf 85' lang='lat' dir='ltr'>tia</span> <span class='ocrx_word' id='word_1_217' title='bbox 328 4203 363 4259; x_wconf 88' lang='lat' dir='ltr'>et</span> <span class='ocrx_word' id='word_1_218' title='bbox 381 4194 418 4258; x_wconf 92' lang='lat' dir='ltr'>iu</span> <span class='ocrx_word' id='word_1_219' title='bbox 438 4193 547 4279; x_wconf 85' lang='lat' dir='ltr'>signis</span> <span class='ocrx_word' id='word_1_220' title='bbox 567 4192 658 4258; x_wconf 88' lang='lat' dir='ltr'>etin</span> <span class='ocrx_word' id='word_1_221' title='bbox 677 4192 849 4260; x_wconf 83' lang='lat' dir='ltr'>universis</span> <span class='ocrx_word' id='word_1_222' title='bbox 867 4193 1055 4281; x_wconf 83' lang='lat' dir='ltr'>speciebus.</span> <span class='ocrx_word' id='word_1_223' title='bbox 1075 4195 1118 4259; x_wconf 91' lang='lat' dir='ltr'>In</span> <span class='ocrx_word' id='word_1_224' title='bbox 1141 4195 1284 4260; x_wconf 83' lang='lat' dir='ltr'>summis</span> <span class='ocrx_word' id='word_1_225' title='bbox 1304 4217 1403 4259; x_wconf 89' lang='lat' dir='ltr'>vene-</span> 
     </span>
    </p>
   </div>
   <div class='ocr_carea' id='block_1_8' title="bbox 357 4465 1384 4528">
    <p class='ocr_par' dir='ltr' id='par_1_14' title="bbox 357 4465 1384 4528">
     <span class='ocr_line' id='line_1_29' title="bbox 357 4465 1384 4528; baseline -0.001 -10"><span class='ocrx_word' id='word_1_226' title='bbox 357 4469 387 4518; x_wconf 79' lang='lat'>14</span> <span class='ocrx_word' id='word_1_227' title='bbox 404 4481 435 4518; x_wconf 80' lang='lat' dir='ltr'>aa</span> <span class='ocrx_word' id='word_1_228' title='bbox 449 4466 491 4516; x_wconf 88' lang='lat' dir='ltr'>illi</span> <span class='ocrx_word' id='word_1_229' title='bbox 504 4467 578 4517; x_wconf 85' lang='lat' dir='ltr'>ratic</span> <span class='ocrx_word' id='word_1_230' title='bbox 592 4466 635 4517; x_wconf 72' lang='grc' dir='ltr'>Μ1</span> <span class='ocrx_word' id='word_1_231' title='bbox 699 4466 728 4518; x_wconf 78' lang='lat'>21</span> <span class='ocrx_word' id='word_1_232' title='bbox 747 4466 913 4518; x_wconf 74' lang='lat' dir='ltr'>admistaM</span> <span class='ocrx_word' id='word_1_233' title='bbox 974 4465 1384 4528; x_wconf 76' lang='lat' dir='ltr'>malabonia1meliabonel1</span> 
     </span>
    </p>
   </div>
   <div class='ocr_carea' id='block_1_9' title="bbox 0 0 1764 5108">
    <p class='ocr_par' dir='ltr' id='par_1_15' title="bbox 0 0 1764 5108">
     <span class='ocr_line' id='line_1_30' title="bbox 0 0 1764 5108; baseline 0 0"><span class='ocrx_word' id='word_1_234' title='bbox 0 0 1764 5108; x_wconf 95' lang='lat' dir='ltr'> </span> 
     </span>
    </p>
   </div>
  </div>
 </body>
</html>
