3488 5108
665 425 795 472 musas
815 427 971 474 rarorum
992 427 1199 474 enervinvu.
1482 414 1499 472 7

449 580 583 659 Quarta
601 587 822 670 comparatur
844 582 994 671 opificia,
1014 583 1106 669 quod
1124 591 1268 672 apparet
1282 583 1319 649 in
1336 582 1500 650 aerlificiis

362 707 676 775 Architecturae
710 716 745 773 et
778 707 1107 775 Oombinationis
1140 710 1366 776 Lollianae.

449 833 580 911 Quinta
598 855 738 920 prorsus
761 832 968 899 mechanicis
995 834 1343 901 commentationibus
1368 833 1501 922 aptabi-

362 957 428 1023 lior
447 964 510 1042 est,
532 957 822 1044 quemadmodum
841 958 879 1024 in
897 958 1018 1024 iisdem
1038 965 1089 1024 est
1107 959 1407 1046 exemplificatum.

318 1086 339 1150 5
453 1081 558 1149 Sexta
588 1083 854 1150 medicinalibus
882 1091 917 1149 et
944 1084 1097 1171 physicis
1130 1083 1437 1172 compositionibus
1467 1090 1502 1150 et

365 1207 531 1295 chymiois
551 1209 810 1299 operationibus
829 1217 881 1277 est
900 1209 1089 1298 aptissima.

453 1333 607 1422 Septima
626 1343 845 1423 comparatur
864 1335 1050 1424 multiplici
1073 1335 1226 1403 methodi
1249 1335 1374 1424 specie,
1399 1356 1502 1422 quarn

364 1459 574 1548 explicamus
593 1461 630 1525 in
648 1461 738 1526 libro
758 1461 950 1548 Triginta
973 1460 1225 1545 Sigillorum.

450 1585 582 1652 Octava
594 1586 879 1673 proportionetur
891 1586 984 1651 Arti
1012 1586 1217 1669 notoriae,
1229 1608 1317 1672 quae
1335 1586 1410 1673 ipsa
1426 1585 1502 1650 Ars

297 1719 341 1781 10
364 1711 528 1777 notoria
563 1718 625 1794 est,
661 1713 665 1800 t
698 1733 768 1797 qua
803 1711 944 1797 quidam
978 1717 1133 1798 repente,
1159 1733 1230 1778 non
1255 1710 1407 1799 proprio,
1444 1708 1504 1774 sed
1529 1711 1620 1775 99ν

364 1834 476 1901 alieno
497 1836 636 1923 ingenio
661 1834 745 1902 fient
768 1837 955 1925 sapientes,
980 1837 1070 1903 unde
1093 1858 1164 1903 non
1187 1836 1256 1919 illi,
1280 1835 1339 1902 sed
1355 1834 1443 1902 alius
1463 1835 1500 1901 in

362 1961 447 2049 ipsis
466 1961 576 2027 noscit
595 1969 630 2027 et
649 1969 813 2050 operatur
832 1962 928 2029 Calo-
946 1969 981 2029 et
1000 1962 1245 2029 (lacedaemon.

452 2087 553 2153 Nona
571 2087 696 2153 ultima
710 2087 859 2154 maxime
875 2093 1095 2175 eomparatur
1111 2086 1213 2171 ratio,
1231 2108 1335 2172 quam
1352 2086 1389 2152 in
1406 2108 1502 2173 prae-

365 2212 552 2278 sentiarum
572 2211 732 2299 persequi
750 2211 987 2299 intelligimus.

298 2339 340 2402 15
454 2338 548 2404 Haec
568 2336 706 2423 quidem
726 2343 862 2403 constat
885 2337 1033 2424 triginta
1056 2336 1194 2423 statuis,
1224 2336 1260 2401 in
1289 2336 1415 2422 quibus
1439 2336 1502 2403 tri·

364 2465 465 2551 ginta
483 2463 692 2529 intentiones
713 2462 946 2546 continentur,
971 2468 1006 2528 et
1030 2484 1097 2548 quo
1121 2461 1296 2528 videbitur
1320 2461 1421 2527 modo
1445 2484 1500 2527 ex·

365 2587 553 2678 plicandae.
567 2587 656 2652 Sunt
676 2587 814 2673 quidem
830 2588 1006 2673 generales
1025 2595 1066 2654 ut
1083 2611 1156 2654 esse
1171 2586 1306 2671 debent,
1324 2587 1502 2674 speciebus

364 2722 479 2781 autem
506 2712 764 2800 specialissimis
787 2713 898 2799 magis
926 2713 1164 2801 applicabiles,
1196 2735 1299 2798 quam
1330 2713 1501 2801 principia

363 2839 585 2907 Aristotelica
609 2845 643 2904 et
667 2838 842 2924 Lolliano,
867 2839 1120 2926 quibusquam
1149 2838 1271 2905 melius
1296 2839 1502 2905 informetur

295 2972 341 3036 20
363 2966 468 3051 ratio,
488 2964 634 3030 aliorum
653 2971 725 3029 esto
744 2964 920 3030 iudicium.

451 3090 698 3155 Existimamus
728 3087 858 3154 nullam
882 3112 954 3155 esse
976 3089 1229 3177 proponibilem
1249 3089 1499 3175 quaestionem,

364 3238 450 3301 quae
469 3213 706 3300 subterfugere
726 3213 836 3300 possit
854 3237 960 3280 unam
979 3215 1101 3280 saltem
1125 3237 1166 3279 ex
1190 3214 1267 3280 istis
1292 3213 1390 3298 idaia,
1412 3237 1501 3300 qnae

365 3366 425 3430 per
448 3342 564 3409 omnia
583 3348 618 3406 et
637 3341 776 3428 singula
800 3341 873 3408 eius
898 3341 1050 3406 membra
1077 3348 1111 3406 et
1140 3340 1419 3408 circumstantias
1442 3361 1502 3405 nu·

364 3490 495 3534 merum
520 3465 711 3532 mediorum
735 3466 954 3554 suppeditare
973 3487 1043 3531 non
1062 3466 1185 3531 valeat.
1209 3466 1313 3532 Mitto
1338 3465 1429 3552 quod
1449 3464 1500 3530 vi·

296 3595 340 3660 25
364 3592 501 3658 debitur
514 3590 556 3656 de
568 3591 833 3678 perlustratione
845 3597 1039 3657 statuarum
1054 3614 1116 3679 per
1131 3581 1228 3676 solia,
1247 3614 1335 3676 quae
1351 3612 1501 3657 commu·

364 3718 531 3784 tationem
550 3723 585 3781 et
603 3716 876 3782 vicissitudinem
893 3716 1065 3802 quandam
1086 3718 1257 3803 suscipere
1280 3716 1499 3783 videbuntur.

365 3846 509 3914 Utilitas
528 3845 628 3912 istius
647 3844 857 3911 inventionis
887 3845 1084 3912 universam
1112 3847 1325 3913 materialem
1354 3847 1501 3912 aliarum

455 4083 467 4128 1
485 4075 624 4129 aedificiis
646 4075 683 4126 A:
707 4076 920 4128 intentionibus
940 4077 973 4128 Μ
1032 4079 1048 4127 3
1069 4078 1286 4144 operationibus
1303 4080 1335 4129 M
1396 4082 1411 4131 7
1433 4084 1503 4133 mul·

365 4160 512 4226 tiplicibue
544 4155 671 4208 methodi
704 4157 854 4221 speciebus
885 4157 918 4207 Μ
1004 4160 1020 4208 8
1045 4160 1248 4225 explica-lmus
1278 4162 1322 4211 A:
1350 4162 1503 4228 explicavi·

366 4239 473 4292 mueM
525 4237 739 4303 9quaeA2vel
753 4238 785 4287 Μ
845 4239 875 4287 12
892 4238 960 4289 Gelo
974 4245 1003 4290 et
1017 4238 1360 4292 cacodaemonrl:ae'rlea
1378 4243 1437 4308 (sic)
1457 4245 1501 4294 vel

366 4317 536 4387 κακοδαίμων
550 4319 591 4369 M:
606 4320 640 4382 cf.
652 4319 881 4370 calodaemonem
891 4326 919 4370 et
934 4321 1168 4372 cacodaemonem
1178 4321 1218 4372 De
1228 4324 1309 4387 lanep.
1320 4323 1398 4374 comt.
1409 4342 1440 4390 p.
1451 4328 1501 4376 655

367 4402 510 4468 (Gfrbrer)
575 4400 613 4450 18.
625 4400 655 4449 14
669 4400 699 4449 in
714 4400 876 4466 praesentia
888 4406 1010 4452 tractare
1028 4402 1204 4453 intentamue
1216 4403 1249 4453 Μ
1309 4406 1340 4454 19
1356 4405 1499 4471 Ambitio,

367 4483 554 4535 Aristotelian
567 4483 676 4548 (Arh'ca
684 4482 720 4549 A)
733 4490 762 4534 et
773 4482 907 4533 Lulliena
918 4482 950 4533 M
