3488 5108
676 431 804 477 inuras
824 431 984 479 amorum
1006 432 1211 480 srarvnavn.
1475 422 1514 479 69

373 587 576 674 [praesidet]
596 588 825 675 intelligatur,
840 589 931 655 uude
950 589 1102 676 primum
1118 589 1252 676 aliquid
1269 591 1514 660 denominatur

372 712 576 779 distinctum
594 736 614 778 a
634 713 798 798 secunde,
819 715 923 780 tertio
944 722 1007 779 etc.

459 839 500 904 V.
520 839 645 905 Alatus
662 838 872 926 intelligitur
886 847 920 905 et
936 840 1104 928 pingitur,
1117 848 1287 926 quatenus
1300 843 1511 931 principium

371 963 544 1050 significat
566 964 570 1053 l
591 964 809 1031 habilitatem
828 965 872 1031 ad
887 964 1073 1052 agendum,
1092 989 1180 1052 quae
1197 967 1270 1033 alae
1290 967 1366 1035 ideo
1386 992 1511 1057 expan·
1538 973 1656 1038 128v

327 1100 348 1165 5
372 1117 429 1161 sae
448 1101 635 1182 ponuntur.

459 1223 519 1288 Vl.
553 1221 693 1287 Falcem
726 1220 831 1287 habet
862 1221 1146 1304 instrumentum,
1172 1223 1215 1288 ad
1244 1223 1512 1311 significandum

370 1348 583 1437 principium
602 1347 877 1414 instrumentale.

458 1475 536 1541 VII.
560 1474 663 1541 Falce
682 1473 912 1561 quodcunque
931 1496 1112 1540 occurrens
1135 1476 1260 1542 incidit
1278 1485 1313 1543 et
1333 1485 1443 1562 occat,
1469 1478 1512 1544 ad

369 1601 636 1689 significandum
670 1599 881 1688 principium
915 1600 1127 1666 occasionala
1162 1603 1348 1691 (principia
1382 1605 1512 1670 etenim

305 1734 347 1797 10
369 1735 450 1796 sunt
469 1751 557 1814 quae
577 1727 789 1794 occasionem
809 1724 1008 1814 praebent);
1028 1726 1072 1792 ad
1090 1727 1182 1812 quod
1201 1751 1311 1815 genus
1334 1729 1511 1796 reducitur

366 1876 477 1938 casus,
499 1875 571 1920 sors
590 1861 625 1918 et
644 1850 780 1918 similia.

455 1981 551 2046 VIII.
576 1979 702 2045 Mulier
726 2001 825 2045 caeca
849 1985 884 2044 et
907 1978 1128 2045 semicomata
1152 1979 1249 2046 illam
1268 1980 1393 2047 falcem
1417 1972 1526 2069 prae-¹

367 2107 492 2190 currit;
512 2105 640 2171 etenim
660 2104 833 2190 quoddam
849 2105 1060 2193 principium
1079 2113 1131 2172 est
1155 2114 1190 2172 et
1212 2106 1424 2195 intelligitur
1443 2108 1513 2175 for·

366 2240 466 2315 tuna,
486 2232 542 2297 cui
561 2230 729 2296 tribuitur
754 2231 843 2296 ratio
867 2231 1103 2319 principiandi
1119 2240 1154 2297 et
1179 2233 1216 2297 in
1235 2255 1361 2319 genere
1382 2255 1508 2319 eorum,

302 2357 342 2422 15
366 2380 455 2443 quac
473 2363 611 2446 praeter
630 2356 923 2442 exspectationem
946 2363 1132 2424 occurrunt
1151 2357 1205 2423 his
1224 2380 1312 2443 quae
1332 2382 1411 2426 cum
1430 2361 1512 2426 deli·

366 2483 545 2550 beratione
564 2488 685 2570 agunt.

453 2608 517 2673 IX.
543 2606 598 2675 Ab
618 2608 726 2695 ipsius
743 2606 832 2672 falce
848 2607 908 2673 alii
927 2606 1026 2673 falcis
1047 2609 1296 2675 construendae
1316 2615 1426 2675 artcm
1443 2610 1510 2675 edi-

363 2736 536 2817 dicerunt,
561 2735 605 2800 ad
628 2733 896 2822 significandum
914 2741 1037 2818 artem,
1052 2735 1234 2802 scientiam
1250 2744 1284 2802 et
1302 2736 1511 2803 architectu-

328 2907 332 2913 -
365 2884 439 2928 ram
458 2883 568 2947 genus
593 2860 766 2946 quoddam
786 2859 949 2947 principii
974 2884 1059 2944 esse,
1079 2861 1171 2927 unde
1190 2862 1340 2928 artifices
1361 2863 1450 2929 fiunt
1474 2870 1508 2928 et

296 2994 341 3058 20
363 2995 492 3055 extant.

451 3113 496 3178 X.
521 3111 619 3178 Aciei
639 3112 738 3178 falcis
754 3113 878 3199 globus
898 3113 1122 3181 continuatur
1139 3114 1183 3179 ad
1202 3114 1394 3181 notandum
1414 3116 1508 3202 prin·

362 3239 492 3327 cipium
513 3238 604 3305 unde
628 3246 755 3320 motus,
774 3260 840 3323 qua
860 3239 1048 3305 rationein
1069 3239 1214 3327 sphaera
1231 3240 1444 3328 principium
1461 3241 1508 3306 di-

362 3371 453 3437 citur
472 3392 545 3435 esse
564 3368 697 3456 primus
716 3367 847 3432 Arietis
865 3368 1007 3454 gradile,
1025 3369 1106 3454 qnia
1126 3369 1206 3434 inde
1223 3378 1335 3435 motus
1355 3369 1508 3458 incipero

360 3493 563 3581 percipitur.

294 3621 338 3685 25
451 3619 515 3684 XI.
540 3618 758 3706 Intelligitur
778 3618 964 3685 multorum
995 3619 1144 3686 filiorum
1165 3645 1303 3709 parcns,
1325 3622 1369 3688 ad
1385 3629 1507 3687 notan-

360 3743 442 3812 dum
463 3746 500 3811 in
518 3768 644 3832 genere
664 3746 828 3833 principii
848 3768 1002 3812 caussam
1022 3746 1238 3814 officientem.

449 3874 533 3939 XII.
558 3875 666 3941 Filios
687 3876 973 3963 comprehendero
994 3884 1130 3965 oportet
1148 3877 1184 3943 in
1204 3877 1321 3943 cadom
1342 3876 1508 3942 similitu-

360 4001 440 4069 dine
461 4013 496 4069 et
515 4004 627 4091 specie
651 4027 728 4070 cum
758 4015 915 4092 parente,
937 4005 980 4071 ad
999 4005 1265 4092 sigmifioandum
1296 4003 1506 4092 principium

360 4130 486 4213 ideale;
513 4133 641 4197 etenim
666 4132 762 4197 ideae
787 4132 968 4218 quaedam,
990 4157 1009 4199 a
1034 4133 1161 4219 quibus
1184 4140 1266 4199 sitnt
1297 4133 1506 4219 exemplaria

450 4415 831 4478 tldopohabotramr·cinrl
898 4416 1069 4466 l2illum1l¹
1135 4413 1499 4478 17.1ae‹li‹10runt(sie)nz

358 4495 513 4546 ebiberunt
527 4495 558 4545 l!
619 4496 651 4546 1⁸3
665 4496 745 4546 Artis
758 4497 907 4546 scientiam
921 4496 951 4546 Μ
1013 4498 1044 4547 29
1060 4497 1211 4562 deponunt
1225 4497 1417 4563 iaterpaaped
