3488 5108
764 426 925 474 MEDICINA
947 429 1119 475 mamm.

408 862 482 936 DE
525 861 626 939 XVI
669 861 1034 938 ELEGTVARHS
1079 862 1473 941 GENERALIBVS.

782 1119 904 1159 amatu·
918 1118 995 1160 xlm·
1009 1118 1064 1168 cap.
1080 1119 1099 1158 1.

453 1439 498 1486 11.
526 1420 699 1499 Quattuor
719 1428 800 1489 sunt
823 1423 992 1490 elementa
1011 1423 1173 1491 videlicet
1191 1423 1331 1506 ABOD,
1351 1431 1385 1490 at
1409 1431 1507 1510 quat-

363 1555 443 1615 tuor
466 1549 655 1634 qualitatss
678 1547 842 1615 videlieet
861 1549 1006 1633 EFGH,
1027 1559 1067 1617 ut
1088 1556 1186 1637 patet
1205 1550 1242 1616 in
1269 1550 1380 1637 figura
1404 1549 1509 1615 madi-

319 1691 340 1754 5
367 1674 477 1756 cinam
493 1672 570 1740 ideo
588 1672 759 1740 sexdecim
772 1675 958 1741 electuaria
971 1681 1118 1762 possunt
1131 1675 1206 1741 fieri
1220 1674 1428 1762 generaliter
1440 1675 1507 1740 isto

364 1798 473 1866 modo.

631 2030 685 2080 Gap.
702 2029 733 2070 ΙΙ.
750 2030 785 2069 Da
799 2029 988 2080 &adustionibus
1002 2030 1043 2070 sub
1058 2029 1158 2069 dominio
1172 2030 1239 2080 iguis.

452 2217 524 2284 Sub
553 2176 706 2283 dominio
736 2215 829 2303 ignis
854 2222 1019 2301 quattuor
1042 2222 1123 2281 sunt
1148 2216 1277 2303 species
1301 2215 1505 2303 graduandi.

361 2343 480 2409 Prima
494 2342 597 2409 sicut
620 2340 733 2430 piper,
754 2339 846 2426 quod
864 2346 917 2406 est
941 2339 1089 2406 calidum
1108 2341 1145 2406 in
1166 2347 1288 2426 quarto
1312 2341 1424 2426 gradu
1444 2340 1448 2428 Ι
1470 2357 1504 2406 st
1531 2349 1646 2411 1'79r

298 2483 341 2546 10
362 2467 401 2533 in
419 2468 522 2534 tertio
538 2467 676 2551 siccum,
690 2466 728 2532 in
747 2465 897 2533 secundo
915 2465 1096 2533 humidum
1109 2466 1192 2532 etin
1203 2465 1315 2554 primo
1327 2465 1504 2553 frigidum.

451 2610 507 2660 ⁸11·
528 2594 571 2659 In
591 2568 786 2659 cidamomo
808 2592 901 2680 ignis
922 2599 975 2658 est
994 2591 1031 2657 in
1051 2592 1156 2658 tertio
1177 2591 1289 2677 gradu
1313 2590 1450 2677 caloris,
1472 2599 1506 2657 st

361 2696 455 2788 tsira
475 2721 513 2787 in
532 2721 682 2786 secundo
701 2719 882 2803 siccitatis,
903 2726 938 2784 st
956 2727 1014 2784 adr
1032 2719 1070 2784 in
1088 2719 1202 2806 primo
1221 2717 1449 2800 humiditatis,
1471 2724 1505 2784 st

361 2869 452 2935 aqua
469 2846 696 2935 ingraduata,
718 2845 883 2912 videlicet
901 2846 939 2910 in
958 2846 1070 2912 tribus
1088 2845 1257 2933 partibus.

450 2991 519 3040 1111.
538 2972 602 3038 Est
617 2973 685 3038 alia
702 2973 845 3060 species,
865 2972 956 3039 sicut
979 2971 1172 3039 faeniculus
1196 2972 1233 3037 in
1252 2994 1320 3057 quo
1340 2973 1432 3058 ignis
1453 2981 1505 3038 est

297 3114 337 3176 15
360 3098 397 3163 in
417 3097 565 3164 secundo
584 3096 695 3182 gradu
714 3097 912 3182 caliditatis,
929 3105 964 3163 st
984 3105 1074 3163 terra
1091 3097 1128 3162 in
1145 3097 1256 3184 primo
1274 3097 1449 3182 siccitatis,
1471 3107 1505 3165 et

360 3233 419 3290 adr
438 3225 474 3290 in
490 3224 602 3290 tribus
621 3225 780 3312 partibus
800 3224 958 3308 minutis,
977 3233 1013 3291 at
1031 3247 1121 3311 aqua
1140 3225 1178 3289 in
1198 3224 1340 3290 duabus.

450 3368 514 3414 ειν.
532 3350 597 3416 Est
616 3356 740 3436 quarta
759 3349 899 3436 species,
919 3357 958 3416 ut
977 3350 1113 3416 anisum
1133 3350 1170 3414 in
1195 3371 1263 3434 quo
1283 3349 1376 3436 ignis
1395 3358 1448 3417 est
1466 3350 1503 3417 in

360 3475 472 3562 primo
491 3475 602 3561 gradu
622 3475 936 3557 caliditatistsrra
959 3475 997 3540 in
1020 3475 1133 3541 tribus
1157 3475 1317 3560 partibus
1342 3476 1503 3562 minutis,

361 3602 471 3666 auria
496 3601 630 3668 duabus
648 3601 880 3685 humiditatis,
900 3624 990 3687 aqua
1009 3603 1144 3669 veroin
1161 3624 1230 3669 uno
1250 3603 1384 3670 minuto
1402 3605 1505 3669 unius

295 3736 340 3800 ‘20
362 3725 500 3813 gradus.

450 3874 503 3918 iv.
520 3851 589 3917 Per
610 3851 695 3917 istas
716 3858 880 3937 quattuor
903 3852 1032 3939 speeies
1048 3852 1121 3918 sive
1135 3853 1272 3939 plantas
1297 3853 1503 3940 praedictas,

363 3983 397 4042 et
416 3999 477 4064 par
496 3977 582 4043 alias
601 3976 744 4060 similas,
765 3977 964 4043 extenditur
977 3977 1072 4064 ragio
1089 3977 1196 4062 ignis,
1214 3978 1252 4043 in
1272 4001 1340 4064 qua
1358 3979 1432 4066 ipsa
1451 3989 1503 4047 est

361 4101 537 4184 dominus;
568 4107 602 4166 et
632 4102 721 4168 siout
749 4101 900 4168 diximus
931 4102 972 4167 de
1000 4102 1141 4189 regions
1164 4102 1208 4185 B,
1228 4103 1278 4168 ita
1301 4103 1344 4169 de
1362 4105 1504 4191 regiona

360 4227 391 4293 A
411 4228 437 4293 Ο
458 4228 489 4292 D
510 4250 570 4295 suo
590 4228 690 4294 modo
707 4227 892 4315 intelligas.

360 4397 490 4406 ..—

451 4484 465 4533 1
483 4484 657 4555 allsatuarijs
670 4487 699 4537 X
759 4490 776 4539 8
784 4488 812 4552 f.
828 4491 855 4553 (ᾖ
868 4487 908 4547 Ι.)
922 4489 981 4541 Sub
1045 4491 1076 4540 14
1091 4491 1263 4554 faeniculus]
1278 4491 1316 4543 sic
1327 4493 1357 4546 X
