3488 5108
621 425 749 471 taurus
772 425 930 471 'ruiernrn
953 426 1165 472 errrvravu.
1337 457 1339 461 «
1404 416 1458 475 121

404 581 482 648 XV.
507 580 631 663 virile,
653 582 823 665 adultum,
846 582 1037 648 barbatum.

404 706 501 772 XVI.
527 705 582 771 Ad
601 707 774 793 agendum
793 706 908 791 facile,
929 708 972 773 ad
992 708 1196 796 patiendum
1220 708 1360 776 difficile
1368 731 1375 792 ;
1400 732 1459 776 seu

315 833 500 900 difficulter
518 832 669 920 patiens,
691 833 794 898 facile
813 856 929 920 agens.

402 959 518 1025 XVII.
542 959 714 1042 Firmum,
748 960 938 1044 immobile,
970 958 1225 1044 stationarium,
1261 960 1455 1044 immotum,

269 1095 290 1159 5
315 1107 452 1151 movere
471 1090 604 1173 potens.

401 1211 535 1278 XVIII.
576 1210 632 1276 Ao
667 1210 838 1295 agendum
872 1218 1062 1297 promtum,
1096 1210 1201 1297 agile,
1230 1211 1455 1298 exquisitum,

313 1344 487 1425 paratum,
508 1336 608 1420 velis,
627 1335 730 1401 remis
750 1335 945 1422 plantisque
964 1343 1132 1424 aptatum.

401 1462 503 1526 XIX.
529 1461 719 1547 Frequens,
749 1461 965 1545 continuum,
991 1484 1060 1528 non
1083 1462 1325 1550 interpollatae
1350 1462 1455 1529 actio·
1483 1467 1600 1529 149ν

315 1586 383 1669 nis,
404 1608 474 1652 non
494 1587 709 1673 interruptae
729 1587 958 1672 constantiae,
978 1587 1053 1673 iugi
1077 1587 1222 1672 virtute,
1247 1587 1399 1655 efficacia
1422 1597 1458 1654 et

249 1723 292 1787 10
315 1712 524 1799 operatione.

402 1838 485 1904 XX.
512 1839 644 1905 Natura
664 1839 828 1923 efficiens,
844 1840 974 1922 volens,
989 1841 1043 1905 vel
1060 1863 1101 1906 ex
1121 1839 1253 1922 habitu,
1271 1840 1332 1926 qui
1351 1840 1457 1906 veluti

312 1965 421 2030 altera
445 1973 569 2031 natura
590 1965 820 2047 existimatur;
854 1964 935 2050 quia
966 1965 1056 2030 sicut
1090 1970 1215 2030 natura
1250 1965 1457 2030 naturaIIter

313 2091 513 2177 agentibus,
534 2092 584 2156 ita
605 2113 716 2177 neque
736 2091 881 2157 assuetis
900 2089 1028 2155 accidit
1046 2089 1170 2177 passio.

402 2217 504 2282 XXI.
537 2216 738 2303 Operosum,
761 2216 857 2282 cuius
882 2215 1037 2303 operatio
1068 2223 1120 2282 est
1151 2216 1259 2302 quies,
1292 2222 1327 2282 et
1357 2216 1454 2281 cuius

247 2343 288 2410 15
312 2342 485 2428 quiescere
505 2341 755 2428 quodammodo
775 2349 864 2407 esset
882 2341 1084 2406 violentum.

402 2466 522 2531 XXII.
547 2467 646 2544 Quod
666 2467 812 2554 attingit
830 2466 932 2534 facile
952 2468 1127 2533 intentum
1146 2489 1301 2555 scopum,
1324 2469 1379 2534 cui
1403 2468 1456 2533 ni·

311 2592 360 2658 hil
381 2592 510 2675 obstat,
531 2593 619 2658 nihil
639 2601 824 2680 repugnat,
845 2593 900 2658 vel
920 2591 1012 2679 quod
1031 2593 1118 2657 nihil
1138 2592 1294 2680 impedit.

400 2718 539 2784 XXIII.
565 2717 664 2796 Quod
685 2727 805 2783 contra
826 2719 1087 2806 impedimenta,
1108 2719 1137 2783 si
1157 2741 1244 2803 quae
1264 2725 1359 2802 sunt,
1384 2719 1454 2784 ala·

314 2845 419 2913 mter
437 2852 472 2909 et
491 2843 664 2931 intrepide
683 2845 842 2929 assurgit.

244 2969 290 3033 20
402 2971 536 3036 XXIV.
562 2969 662 3046 Quod
690 2970 862 3057 oppressis
890 2991 1086 3035 succurrere
1115 2976 1149 3034 et
1178 2969 1295 3036 adesse
1323 2976 1453 3058 potest,

311 3096 480 3162 succurrit
499 3104 534 3161 et
552 3096 636 3181 agit.

398 3221 514 3288 XXV.
540 3220 639 3299 Quod
659 3220 834 3307 agonizat,
853 3229 987 3306 pugnat
1007 3221 1205 3307 resistitque
1221 3221 1415 3287 contrariis

398 3346 531 3412 XXVI.
557 3346 656 3423 Quod
672 3368 742 3410 non
761 3345 925 3430 vincitur,
946 3368 1016 3411 non
1031 3353 1228 3433 superatur,
1246 3370 1316 3413 non
1332 3346 1451 3412 flaoca-

309 3472 387 3555 scit,
407 3493 478 3537 non
497 3471 714 3553 debilitatur,
733 3471 789 3536 vel
807 3471 876 3537 vix.

243 3595 286 3659 25
398 3597 551 3661 XXVII.
577 3597 675 3674 Quod
701 3596 896 3683 impugnat,
922 3596 1045 3679 vincit,
1075 3605 1228 3684 superat,
1260 3604 1449 3684 expugnat,

214 3779 216 3783 .
310 3724 512 3811 triumphat.

398 3850 571 3915 XXVIII.
597 3849 695 3928 Quod
715 3858 766 3914 est
790 3849 1059 3933 formidandum,
1085 3848 1315 3931 tremendum,
1342 3849 1455 3916 inten-

309 3983 435 4059 tatum,
457 3977 683 4056 inaccessum,
704 3974 887 4057 evitatum,
913 3998 932 4039 a
957 3997 1023 4061 quo
1048 3975 1224 4041 declinant
1244 3974 1453 4042 adversaria.

388 4275 822 4340 6promtumA:promptumM
868 4275 1224 4327 lssecciditrtzacceditM
1268 4274 1449 4340 aragitAM:

301 4411 380 4475 forae
396 4411 478 4460 adest
539 4362 792 4472 recreaverint,
812 4416 942 4475 superat,
961 4364 1110 4476 irnptiguat
1127 4410 1164 4460 A:
1183 4408 1265 4472 Quod
1284 4409 1449 4475 impugnat,

309 4495 440 4558 superat,
460 4490 550 4542 vincit
566 4490 598 4540 M

446 4585 521 4625 Bauru
538 4586 594 4635 Opp.
609 4586 650 4624 lat.
665 4584 709 4625 111.
1265 4586 1289 4625 16
