3488 5108
295 370 334 430 38
734 388 875 434 1011111111
897 388 1000 434 nnvtu

295 544 379 628 tria,
405 543 510 608 etiam
529 544 685 610 absolute
709 544 935 628 consideratu,
961 544 1092 611 formae
1110 544 1227 632 potius
1247 566 1351 630 quam
1370 541 1439 608 for-

296 668 438 734 mabilia
461 676 555 751 sunt;
576 675 611 733 et
631 669 707 735 ideo
725 693 765 735 en
783 671 917 736 ratione
936 694 1047 756 neque
1069 670 1224 757 ipsorum
1240 668 1436 735 intentione

295 793 407 881 prima
431 800 566 859 statuae
590 803 684 880 sunt,
703 796 906 882 praesertim
921 818 1002 863 vero
1020 793 1249 882 plenitudinis
1266 817 1325 860 seu
1344 817 1438 859 men-

296 921 341 986 tis
365 921 461 987 nulla
485 926 538 987 est
560 922 684 1009 figura,
711 922 800 988 sieut
823 945 934 1008 neque
956 922 1048 989 ullus
1071 930 1122 988 est
1146 921 1325 986 terminus.

522 1255 596 1327 nn
640 1252 826 1328 Pluun
870 1251 974 1327 suu
1016 1251 1210 1328 unuin

537 1482 545 1494 ⁴
604 1397 710 1473 suu
745 1395 1139 1473 Punuiuvniun.

385 1679 508 1745 Statua
532 1678 672 1764 quidem
699 1678 808 1767 patris
836 1678 933 1744 nulla
960 1685 1024 1762 est,
1049 1685 1155 1765 typus
1181 1685 1299 1743 tamen
1328 1677 1438 1765 ipsius
1527 1736 1530 1741 ⁴

296 1813 348 1871 est
372 1806 433 1871 lux
451 1805 602 1887 infinita,
624 1804 662 1868 in
686 1826 754 1889 qua
777 1804 845 1869 tria
864 1812 1086 1887 concurrunt,
1106 1809 1145 1868 ut
1161 1801 1315 1888 undique
1338 1803 1385 1869 sit
1404 1813 1438 1870 et

296 1931 425 2017 ubique
450 1929 514 2012 sol,
539 1929 656 1995 radius
680 1938 715 1994 et
733 1928 862 2016 fulgor,
883 1938 923 1996 ut
940 1929 978 1994 in
1001 1952 1040 1994 eo
1059 1927 1156 1993 nulla
1174 1927 1354 1993 distinctio
1377 1928 1439 2009 sit,

232 2071 274 2134 10
298 2056 358 2122 sed
381 2054 492 2120 omnis
516 2054 637 2120 horum
668 2054 775 2120 trium
802 2055 919 2121 unitas
947 2063 981 2119 et
1009 2052 1187 2137 identitaS,
1213 2059 1253 2118 ut
1283 2053 1313 2118 si
1336 2052 1439 2119 detur

296 2181 389 2264 fons,
413 2181 541 2247 fluvius
564 2187 599 2245 et
618 2203 711 2246 mare
730 2180 767 2245 in
784 2179 902 2246 eodem
917 2179 1084 2263 subiecto,
1101 2179 1220 2244 eadem
1240 2179 1438 2264 quantitate

297 2315 331 2373 et
354 2306 472 2371 eadem
491 2305 614 2388 forma,
632 2305 714 2392 quia
730 2312 782 2371 est
797 2305 875 2371 fons
898 2305 936 2370 in
959 2328 1061 2390 quem
1080 2304 1207 2371 fluvius
1230 2303 1363 2391 influit,
1388 2315 1440 2372 est

296 2431 423 2498 fluvius
442 2432 502 2517 qui
526 2431 616 2497 idem
640 2431 798 2514 estibus,
818 2437 870 2496 est
886 2430 1012 2495 fluuius
1035 2438 1070 2494 et
1093 2429 1171 2496 fons
1195 2429 1255 2516 qui
1275 2430 1367 2496 idem
1387 2439 1440 2497 est

296 2580 390 2623 mare
413 2580 472 2623 seu
500 2557 611 2640 laous;
639 2558 757 2644 itaque
785 2556 938 2642 undique
967 2556 1058 2642 quod
1086 2556 1183 2621 vides
1212 2563 1247 2621 et
1275 2556 1441 2642 quicquid

232 2696 273 2758 15
296 2682 392 2749 vides
416 2683 454 2748 in
477 2705 516 2749 eo
541 2682 590 2748 ita
614 2689 757 2770 apparet
777 2690 811 2748 et
830 2688 882 2748 est
900 2681 1041 2768 tinnuli,
1067 2690 1107 2747 ut
1130 2681 1221 2747 idem
1242 2682 1287 2747 sit
1308 2680 1386 2747 fons
1406 2689 1441 2747 et

296 2832 402 2892 mare,
427 2808 520 2894 quod
539 2816 683 2896 apparet
706 2831 800 2874 mare
824 2808 914 2873 idem
939 2815 990 2873 est
1008 2807 1135 2874 fluvius
1169 2814 1205 2872 et
1228 2805 1322 2890 fonn,
1348 2808 1440 2892 quod

296 2935 457 3022 aplparet
481 2934 559 3000 fons
583 2934 673 2999 idem
692 2941 744 3000 est
767 2958 861 3000 mare
885 2943 919 2999 et
942 2934 1078 3000 fluvius.
1102 2933 1206 2998 Hune
1229 2940 1353 3021 typum
1377 2934 1438 2999 tri·
1465 2943 1573 3006 115r

297 3060 398 3146 ginta
422 3060 679 3126 conditionibus
702 3060 913 3148 explicamus
937 3082 995 3125 seu
1019 3058 1322 3145 descriptionibus).

385 3185 413 3250 Ι.
437 3187 501 3251 Εεῖ
534 3185 679 3273 sphaera
713 3185 852 3250 infinita
885 3184 1038 3270 undique
1072 3184 1240 3269 aequalis,
1270 3183 1330 3250 ubi
1368 3207 1439 3250 non

230 3321 273 3385 ‘20
296 3310 373 3375 ideo
398 3309 525 3376 dicitur
549 3311 693 3398 sphaera
718 3310 799 3396 quin
822 3311 948 3376 habeat
971 3318 1124 3375 extreme
1147 3332 1167 3374 a
1191 3309 1303 3375 medio
1323 3309 1439 3395 aequi-

296 3435 476 3520 distnntin,
501 3436 592 3501 unde
616 3442 815 3522 sequeretur
834 3459 906 3501 esse
929 3434 1078 3516 finitam,
1103 3442 1142 3500 ut
1165 3434 1283 3500 docuit
1306 3435 1440 3500 Aristo-

296 3560 393 3643 teles,
418 3561 477 3627 sed
507 3561 718 3648 intelligitur
749 3562 935 3627 secundum
964 3560 1242 3642 similitudinem
1272 3583 1313 3625 ex
1342 3563 1438 3626 omni

295 3687 446 3753 termino
476 3686 569 3752 enim
597 3688 789 3773 aequaliter
824 3688 944 3771 distat,
979 3689 1060 3772 quia
1090 3686 1227 3751 infinite
1251 3686 1367 3752 distat.
1392 3687 1438 3752 Et

295 3821 477 3899 propterea
501 3812 628 3878 dieitur
651 3814 795 3901 sphaera
823 3819 964 3901 propter
990 3811 1296 3898 aequidistantiam
1325 3836 1345 3878 u
1370 3836 1439 3879 me-

231 3947 274 4011 25
298 3936 368 4020 di0;
394 3937 524 4004 dicitur
546 3939 684 4005 infinita
707 3941 863 4027 sphaera,
889 3939 971 4026 quia
990 3938 1063 4004 eius
1083 3960 1153 4004 non
1172 3946 1225 4003 est
1243 3961 1351 4005 unum
1372 3962 1438 4004 me·

407 4285 439 4336 10
455 4286 582 4336 omnium
599 4285 632 4334 M
707 4287 738 4335 13
764 4289 812 4350 qui
831 4286 914 4344 idern]
941 4285 1056 4351 quidem
1082 4293 1145 4338 lune
1166 4305 1178 4335 e
1199 4287 1249 4335 <lue
1279 4288 1302 4337 le
1325 4288 1390 4337 volte
1415 4289 1438 4337 Λ

298 4365 328 4415 17
344 4365 430 4415 Hunc
447 4365 484 4415 A:
499 4366 595 4417 Huius
608 4366 640 4415 M
712 4367 743 4417 18
759 4382 811 4417 seu
823 4366 1010 4417 describimus
1022 4367 1054 4416 M
1130 4371 1160 4417 21
1178 4375 1211 4418 ut
1221 4369 1320 4419 docuit
1331 4371 1441 4420 Aristo·

298 4445 370 4496 teles
382 4445 419 4496 A:
433 4452 534 4497 contra
545 4448 681 4510 antiquos
693 4447 724 4498 M
