3488 5108
698 430 825 474 Titanas
846 430 890 473 DE
912 429 1026 474 tractu.

832 647 890 711 IV·
1460 663 1617 728 aaran

380 859 595 946 Principium
625 862 759 948 magiae
789 868 840 927 est
873 862 1090 928 considerare
1110 862 1264 929 ordinem
1286 864 1436 930 influxus

290 1009 350 1051 eeu
363 985 489 1050 scalam
501 985 648 1069 entium,
669 1009 736 1070 qua
754 987 866 1052 Deum
883 987 920 1051 iu
938 988 1040 1069 Deos,
1060 989 1150 1053 Deos
1166 989 1202 1053 in
1220 998 1326 1072 astra,
1343 1002 1437 1056 astra.

291 1111 327 1175 in
351 1110 549 1188 daemonas,
574 1109 757 1175 daemones
779 1113 815 1175 in
841 1110 1023 1194 eleruauta,
1053 1112 1221 1178 elementa
1254 1115 1290 1178 iu
1328 1115 1436 1181 mixta

245 1234 265 1297 5
289 1235 421 1321 aliquid
441 1235 628 1300 immittere
648 1236 876 1321 comperimus
896 1250 957 1301 etc.

377 1403 542 1479 Distingue
560 1402 598 1462 de
617 1402 738 1461 influxu.
758 1400 896 1462 Influrrue
911 1412 959 1462 eet
980 1403 1104 1481 duplex:
1125 1405 1299 1466 essentialia
1315 1415 1346 1465 et
1360 1408 1435 1467 aeci-

288 1512 434 1588 dentalis;
449 1523 480 1572 et
496 1511 544 1571 hie
562 1513 747 1570 intrinsecus
762 1520 793 1570 et
808 1512 1008 1571 extrinsecus:
1026 1511 1142 1590 primus
1159 1511 1290 1572 influxus
1306 1514 1435 1589 largitur

288 1642 370 1692 esse,
389 1619 542 1680 secundus
564 1638 636 1678 vero
655 1618 777 1677 modum
794 1618 917 1678 essendi
935 1639 989 1678 eeu
1007 1619 1129 1679 essendi
1147 1619 1375 1697 perfectionem.
1395 1621 1435 1680 Et

288 1728 339 1787 hle
355 1725 521 1787 notandum
538 1725 620 1801 quod
637 1727 668 1785 in
686 1725 743 1785 hoc
764 1726 870 1784 ordine
897 1725 1025 1801 alligate
1049 1738 1120 1786 eum
1137 1727 1295 1805 superiora
1312 1728 1431 1787 inferio·

224 1831 265 1893 lO
288 1835 385 1910 tibae,
408 1843 442 1893 ut
468 1833 678 1911 propitiantia,
708 1832 914 1911 protegentia,
944 1833 1115 1908 laurentia,
1139 1834 1264 1909 alligata
1286 1834 1431 1894 inferiora

287 1940 507 2019 superioribus,
530 1951 563 1998 ut
584 1940 795 2015 obsequentia,
812 1938 994 1999 obedientia.
1018 1939 1096 1999 Item
1119 1938 1367 2013 distinguendum
1386 1952 1433 1999 eat

288 2050 327 2109 de
348 2067 477 2109 ascensu
503 2057 534 2108 et
560 2047 711 2107 descensu
733 2047 821 2105 iatine
843 2047 953 2106 scalae,
976 2048 1033 2105 Eat
1055 2066 1128 2106 vero
1150 2046 1278 2124 duplex:
1303 2055 1433 2105 contern-

288 2157 423 2235 plativue
444 2174 503 2231 quo
524 2174 575 2215 res
596 2164 835 2229 cognoscuntur,
855 2163 886 2214 et
907 2153 1027 2214 activus
1047 2172 1106 2228 quo
1128 2173 1178 2213 ree
1203 2153 1286 2213 liunt.
1309 2153 1350 2212 Et
1377 2154 1434 2212 hoc

289 2264 354 2322 fieri
373 2272 421 2323 est
439 2263 563 2340 duplex:
583 2262 827 2340 principaleque
845 2260 1099 2321 videlieetetiem
1127 2272 1209 2335 eunt,
1239 2269 1271 2319 et
1297 2260 1434 2320 acciden-

223 2365 265 2429 15
289 2373 351 2433 tale
367 2392 425 2448 quo
443 2372 520 2430 fiunt
537 2370 767 2431 accommodata
784 2371 872 2430 nobie
894 2388 947 2429 een
965 2368 1127 2446 applicate.

379 2478 542 2555 Distingne
560 2479 633 2538 item
655 2478 735 2537 circa
758 2496 954 2557 progressum
982 2476 1058 2534 lucie
1081 2485 1110 2535 ct
1132 2475 1339 2552 tenebrarum,
1358 2496 1434 2551 qnae

287 2597 358 2646 sunt
372 2585 401 2643 iu
418 2586 509 2645 scala.
521 2586 588 2644 Lux
602 2585 681 2644 euim
697 2597 728 2644 et
744 2585 888 2644 tenebrae
903 2592 1062 2642 sumuntur
1076 2582 1253 2661 dupliciter:
1270 2601 1329 2641 uno
1345 2592 1433 2660 pacto

287 2692 462 2769 significant
483 2693 741 2768 substantialiter,
761 2705 832 2750 tunc
854 2692 903 2750 lux
921 2691 1076 2768 signifieat
1100 2700 1214 2765 actum,
1232 2691 1373 2765 formam,
1392 2696 1434 2749 te·

287 2801 400 2861 nebrae
427 2801 601 2875 significant
623 2801 793 2878 potentiam
820 2808 850 2858 et
876 2800 1048 2875 materiam
1067 2800 1116 2858 vel
1135 2798 1376 2874 accidentaliter,
1403 2808 1434 2857 at

220 2897 265 2960 20
287 2916 360 2967 tuno
381 2909 431 2966 lux
452 2908 604 2986 significat
622 2907 791 2986 potentiam
807 2907 937 2966 activam
967 2916 998 2966 et
1025 2907 1225 2986 perfectivam
1247 2906 1432 2984 specierum,

100 2964 111 2989 ι

289 3017 433 3075 tenebrae
455 3033 527 3076 vero
550 3016 717 3092 potentiam
741 3015 894 3092 passivam
922 3023 953 3073 et
976 3012 1198 3092 perfectibilem
1216 3014 1430 3072 subiectorum,

840 3217 879 3280 V.

377 3390 477 3454 quta
498 3400 567 3453 tres
585 3387 777 3476 praedictos
798 3386 931 3471 magiae
955 3384 1083 3470 gradus
1102 3391 1171 3448 trce
1191 3383 1311 3448 nurmli
1331 3382 1430 3447 iutel-

288 3517 448 3601 liguntur
467 3523 531 3579 etc.

220 3691 264 3752 ‘25
376 3685 436 3742 Hic
451 3683 701 3758 distinguendum
719 3698 767 3741 eet
784 3682 822 3740 de
841 3682 951 3740 mundo
970 3680 1134 3739 secundum
1153 3680 1158 3760 Ι
1176 3680 1429 3754 significationem
1456 3691 1545 3753 ¹771·
1559 3689 1596 3753 0

287 3812 488 3863 communem,
501 3792 654 3868 propriam
668 3798 699 3848 et
714 3790 963 3868 propriissimam,
979 3789 1082 3846 Primo
1098 3788 1187 3846 modo
1206 3786 1334 3845 mundun
1351 3787 1430 3845 idom

286 3900 431 3974 estquod
449 3900 634 3971 universum,
653 3906 684 3956 et
702 3898 759 3956 lton
776 3910 865 3976 pacto
884 3905 933 3956 eet
949 3915 1026 3955 unos
1044 3906 1177 3971 tantum,
1197 3908 1230 3953 ut
1247 3894 1430 3953 universitas

379 4151 492 4202 3.11.17
507 4151 632 4200 achalam
648 4157 693 4199 cte.
710 4150 761 4199 tu!
823 4150 1057 4200 dracontium
1072 4151 1113 4200 ,lll
1180 4153 1431 4202 utaanamde·

287 4249 386 4282 monae
405 4232 436 4281 ,ll
499 4233 609 4282 lmieta
630 4231 680 4283 dtr
744 4232 1120 4296 5aliquid-comperiruun
1141 4250 1190 4281 om.
1212 4250 1271 4296 app.
1297 4232 1323 4279 in
1345 4250 1429 4296 mnrp.

289 4326 347 4363 teon
362 4312 492 4362 rirlrianro
507 4311 619 4361 innanzi
635 4312 673 4360 ad
689 4324 755 4373 etc.)
771 4311 811 4361 M:
833 4319 887 4361 etc.
907 4311 1033 4378 aliquid·
1057 4317 1247 4379 comperiatur
1265 4321 1392 4376 trnnpona
1412 4314 1434 4357 (1

287 4394 552 4456 brenmulam
600 4393 950 4459 laverc›}‚v.r!:on:mtr
997 4395 1233 4460 lldnplvxeatll
1279 4398 1435 4448 arminio

288 4479 320 4527 2³2
336 4476 370 4526 V.
386 4493 434 4525 ont.
448 4476 480 4526 Μ
541 4476 622 4524 aaa?
642 4475 711 4525 idam
727 4474 827 4539 cqrrnd
841 4491 890 4524 om.
908 4476 930 4524 (j

424 4571 500 4609 llarnr
518 4571 574 4618 opp.
589 4572 628 4605 tur.
646 4569 689 4608 tit.
1245 4570 1270 4607 ,aa
