3488 5108
673 413 803 458 usurus
823 409 982 458 summm
1005 408 1211 457 srurvsuvu.
1456 396 1515 457 238

458 571 489 633 9.
508 566 621 647 ‘Quid
640 575 693 634 est
709 567 860 634 calemus
876 565 1098 654 scriptorius?
1112 565 1120 591 ²
1139 563 1145 589 ⁸
1160 564 1224 631 Est
1241 565 1514 632 instrumentum

368 717 428 762 seu
451 717 607 781 organon
631 693 812 760 artificiale
836 693 879 759 ed
906 690 1152 759 delineandum
1176 714 1235 758 seu
1259 691 1512 779 designandum

367 842 407 886 ee
432 826 625 906 quaesunt
652 821 689 886 in
721 842 804 887 voce
832 843 891 887 seu
921 819 1090 886 dictiones
1117 819 1265 902 vocales,
1296 819 1351 886 vel
1379 820 1513 908 aliquid

367 945 463 1012 eliud
486 945 723 1013 huiuscemodi
754 944 947 1012 notandum
970 951 1005 1011 et
1028 943 1323 1032 impingendum'
1351 944 1451 1024 Quod
1484 945 1514 1013 si

322 1073 343 1136 ἵ)
367 1070 463 1136 lubet
476 1070 601 1136 addere
616 1073 809 1155 materiam,
823 1070 918 1137 dicas
936 1069 990 1137 ‘ex
1008 1070 1082 1137 evis
1100 1068 1233 1157 plume*
1251 1069 1306 1136 vel
1321 1069 1381 1137 ‘ex
1400 1093 1513 1138 canna

367 1196 563 1283 antiquitus
575 1197 593 1262 ³.

758 1479 832 1552 DE
874 1476 1118 1553 RATIONE

493 1623 852 1700 VERIFICANDI
895 1623 1000 1699 Snv
1041 1623 1393 1702 ENVNCIANDI.

457 1873 555 1952 Quod
575 1881 690 1941 autem
711 1881 845 1962 spectet
864 1874 906 1941 ad
926 1875 1113 1941 secuudum
1132 1875 1277 1942 rationis
1297 1897 1397 1964 opum
1419 1877 1511 1964 quod

302 1994 344 2058 lO
366 2006 418 2063 est
449 2000 653 2086 compositio
681 2024 741 2067 seu
759 2000 965 2086 verificatio‚
991 2002 1165 2090 oportebit
1188 2002 1307 2069 videre
1337 2003 1510 2091 quomodo

365 2126 564 2213 praedicata
596 2128 760 2195 subiectis
788 2128 1018 2195 adnectantur
1046 2136 1080 2195 et
1108 2152 1210 2197 verae
1245 2131 1509 2198 enunciationes

364 2251 462 2336 fient,
483 2253 526 2318 ed
551 2255 826 2340 cognoscendum
851 2277 919 2341 qua
941 2255 1075 2322 rationo
1104 2276 1241 2341 quoque
1259 2250 1389 2347 (modo)
1413 2256 1511 2344 quid·

364 2378 458 2465 piam
478 2379 519 2444 de
540 2379 655 2464 aliquo
675 2379 820 2446 dicatur.

454 2505 642 2590 Postquam
672 2527 753 2591 ergo
777 2504 942 2571 distincte
970 2505 1225 2593 perceperimus
1255 2513 1290 2572 et
1313 2506 1508 2575 tenebimus

301 2636 341 2698 15
366 2629 512 2694 subiecti
533 2653 592 2695 seu
611 2631 673 2711 rei,
699 2630 740 2696 de
761 2654 829 2716 qun
848 2637 901 2697 est
919 2631 1162 2715 consideratiO,
1187 2631 1438 2717 definitionem,
1459 2634 1509 2699 fs·

364 2754 429 2819 cile
456 2756 522 2819 erit
547 2755 698 2821 iudicare
723 2756 893 2842 quomodo
917 2757 1116 2845 praedicate
1146 2759 1262 2824 omnia
1295 2757 1337 2823 de
1362 2757 1431 2825 illis
1457 2759 1508 2824 di-

363 2888 494 2944 cautur.
509 2881 614 2945 Porro
627 2881 687 2966 qui
707 2882 842 2947 noverit
855 2883 1024 2948 rationem
1038 2890 1073 2949 et
1089 2884 1303 2950 conditiones
1315 2885 1508 2973 proposito·

363 3027 438 3071 rum
452 3006 728 3092 praedicatorum
748 3015 1107 3097 enumeratorumque‚
1120 3009 1223 3076 facile
1239 3008 1366 3075 inferre
1379 3010 1509 3097 poterit

363 3130 514 3196 omnium
532 3138 753 3217 caeterorum,
767 3128 854 3217 (surm
867 3133 1053 3220 imaginari
1066 3143 1220 3223 possunt,
1233 3136 1412 3219 rationem,
1426 3135 1508 3221 quie

297 3262 340 3325 20
362 3257 561 3341 praedicatu
580 3258 696 3322 omnio
716 3265 777 3323 eut
796 3264 877 3323 sunt
896 3258 992 3344 haec,
1014 3267 1075 3326 aut
1099 3261 1223 3326 horum
1244 3266 1361 3348 portes
1381 3268 1415 3326 et
1435 3284 1508 3348 spe·

362 3384 442 3468 cies,
464 3392 525 3449 uut
548 3385 670 3450 horum
690 3384 795 3469 modi,
820 3396 880 3451 eut
905 3387 1078 3452 contraria
1101 3387 1169 3471 his,
1195 3396 1255 3453 out
1279 3387 1424 3468 similia,
1447 3394 1507 3454 aut

361 3509 644 3596 proportionalis.
661 3510 747 3574 Cum
764 3534 845 3597 ergo
865 3535 967 3599 super
978 3512 1031 3577 his
1044 3512 1149 3578 fuerit
1166 3513 1457 3599 exemplificatum
1472 3519 1507 3576 ot

362 3634 558 3717 inductum,
579 3635 621 3699 de
641 3635 801 3701 omnibus
821 3658 882 3701 nos
902 3637 1170 3724 exemplidcasse
1189 3644 1223 3703 et
1246 3637 1423 3703 induxisse
1442 3659 1504 3724 pro

363 3783 423 3826 suo
445 3760 675 3826 iudicabimur
697 3761 807 3827 modo.
833 3762 937 3827 Retio
962 3762 1070 3848 igitur
1094 3762 1194 3829 istius
1218 3762 1397 3828 doctrinae
1418 3784 1506 3828 com-

295 3895 338 3957 25
362 3885 507 3972 plendao
531 3886 652 3971 exigit,
680 3895 719 3953 ut
749 3887 926 3952 videamus
950 3888 1121 3974 quomodo
1144 3889 1358 3975 praedicata,
1384 3894 1505 3976 utpote

361 4011 528 4077 dictiones
546 4013 694 4097 triginta
713 4021 922 4097 stotrmrum,
942 4013 1102 4080 dieantur
1121 4014 1163 4079 de
1183 4015 1348 4081 subiectis
1368 4036 1506 4080 enume-

699 4187 1235 4195 .-—.-——---—-.-——

449 4263 465 4311 4
482 4262 657 4327 pingendum
670 4265 700 4313 ,11
746 4266 795 4315 5.6
812 4269 1100 4330 eenna.<r1ms>(om.
1118 4267 1291 4332 antiquitus)
1310 4265 1343 4316 M
1388 4266 1404 4316 6
1421 4263 1443 4315 ἰί
1462 4279 1503 4314 re-

362 4401 400 4446 sto
415 4395 490 4461 dolf.
507 4398 566 4445 195·¹
586 4396 670 4458 (circa
684 4404 735 4447 oleo
748 4397 831 4463 ripdir
847 4397 1010 4450 ebionaeis
1025 4405 1048 4450 A
1114 4401 1144 4451 12
1161 4415 1276 4466 quoque
1293 4399 1330 4450 A:
1347 4361 1425 4466 quod
1442 4398 1501 4465 (ric)

362 4477 445 4527 modo
460 4477 492 4526 M
552 4479 583 4527 21}
596 4494 674 4527 senza
686 4477 888 4543 iuterpunzr'onc
902 4480 960 4530 Au

495 4573 570 4612 Buuul
589 4572 643 4621 Opp.
659 4574 700 4611 lut.
715 4573 759 4613 111.
1315 4576 1342 4617 ³0
