3488 5108
868 383 1006 429 mamm
1028 382 1128 429 anvm
1151 350 1153 355 ¹

664 816 735 890 DE
781 815 940 893 CVRIS
984 816 1345 895 INFIRMORVM.

801 1046 921 1086 Truentus
935 1045 1089 1086 duodecimus.
1106 1046 1161 1096 cap.
1178 1047 1198 1086 1.

521 1377 570 1423 rr.
607 1351 706 1418 Sicut
740 1351 1031 1442 significavimus
1051 1353 1088 1417 in
1132 1350 1332 1437 regionibus
1370 1354 1582 1441 praedictae

431 1479 562 1565 figurae
592 1477 813 1544 infirmitates
840 1477 1049 1562 generaliter
1076 1487 1111 1542 et
1140 1477 1321 1560 sanitates,
1344 1479 1393 1544 sic
1421 1479 1584 1545 medicus

388 1613 408 1674 b
431 1615 548 1693 potest
567 1604 679 1671 facere
698 1626 796 1669 curas
815 1603 1024 1689 generaliter
1043 1603 1156 1669 tribus
1176 1603 1301 1688 modis,
1324 1603 1486 1671 videlicet
1515 1628 1584 1693 per

433 1731 557 1815 simile,
577 1752 639 1817 per
658 1729 869 1795 contrarium
888 1736 922 1792 et
939 1751 1001 1814 per
1020 1729 1260 1814 compositum.

523 1887 534 1929 ς
550 1882 580 1921 11.
590 1880 723 1922 rerumne.
741 1857 807 1921 Per
822 1854 934 1921 simile
949 1854 1080 1921 scilieet
1099 1855 1128 1920 si
1146 1855 1332 1922 infirmitas
1348 1865 1400 1923 est
1416 1858 1455 1924 in
1473 1858 1584 1924 domo

433 1987 475 2052 de
495 1986 554 2050 AO
572 1985 704 2072 primae
723 1980 971 2066 circinationis,
993 1987 1027 2046 et
1046 1981 1184 2068 patiens
1208 1989 1260 2047 est
1279 1981 1321 2047 de
1338 1981 1584 2069 complexione

433 2111 508 2196 OG,
526 2111 627 2177 debet
646 2109 727 2175 dare
746 2107 897 2173 medicus
917 2106 1105 2173 medicinas
1123 2107 1166 2173 de
1185 2107 1249 2173 ΑΕ
1265 2115 1386 2174 eontra
1399 2108 1584 2194 regionem

371 2241 412 2304 10
434 2238 504 2320 OG,
522 2243 561 2302 ut
579 2235 700 2302 domus
719 2233 761 2299 de
780 2232 843 2297 ΑΕ
855 2232 1134 2299 convenientiam
1153 2231 1282 2300 habeat
1300 2256 1381 2299 suae
1399 2234 1565 2321 regionis.

523 2380 806 2429 sarracenerum.
827 2356 864 2422 Si
883 2379 964 2423 vero
988 2356 1049 2425 fiat
1068 2381 1129 2446 per
1148 2359 1374 2444 contrarium,
1394 2360 1469 2447 ipsa
1494 2382 1584 2427 cura

434 2488 537 2553 debet
554 2483 630 2551 fieri
649 2483 717 2548 isto
736 2481 846 2568 mode,
867 2482 998 2548 scilicet
1014 2482 1105 2568 quod
1125 2484 1154 2549 si
1169 2483 1355 2563 infirmitas
1372 2484 1418 2550 sit
1432 2493 1583 2572 propter

435 2614 580 2682 nimiam
598 2610 862 2695 abundantiam,
878 2613 967 2678 sicut
982 2611 1011 2677 si
1032 2611 1063 2677 A
1079 2611 1109 2676 Ε
1125 2612 1294 2679 haberent
1308 2613 1453 2680 nimiam
1467 2613 1582 2680 abun-

436 2740 591 2806 dantiam
607 2738 645 2803 in
661 2737 801 2823 regione
817 2737 853 2801 in
871 2759 939 2822 qua
954 2744 1044 2820 sunt,
1055 2736 1157 2803 debet
1174 2737 1326 2803 medicus
1344 2738 1584 2826 multiplicare

374 2877 413 2937 15
437 2866 497 2931 OG
515 2888 592 2932 cum
612 2863 752 2930 cibariis
780 2865 852 2928 sive
872 2862 1066 2928 electuariis
1094 2863 1136 2927 de
1164 2864 1306 2949 regione
1326 2886 1461 2947 eorum,
1481 2864 1583 2929 utin

436 2992 497 3056 illa
516 2990 656 3076 regione
675 2991 707 3053 Α
724 2990 753 3053 Ε
768 2995 975 3074 potestatem
994 2988 1120 3052 habere
1139 3010 1209 3054 non
1225 2989 1360 3075 possint
1374 2989 1582 3055 transeundi

438 3118 481 3182 ad
500 3117 586 3181 aliae
605 3115 723 3180 domos
743 3113 944 3179 contrariae.

527 3266 587 3312 mv.
602 3266 643 3303 νει
655 3263 810 3312 compositum.
830 3239 966 3304 Tertius
990 3240 1110 3306 modus
1129 3264 1190 3327 per
1210 3240 1438 3327 compositum
1463 3248 1516 3305 est
1536 3239 1582 3304 de

438 3368 724 3438 convenientibus
751 3375 785 3432 et
814 3366 1008 3449 contrariis,
1044 3364 1133 3431 sicut
1173 3367 1200 3430 si
1241 3374 1460 3453 supponetur
1487 3365 1582 3452 quod

371 3508 415 3572 20
439 3496 623 3562 infirmitas
647 3494 692 3560 sit
714 3516 775 3579 per
794 3492 933 3557 domum
961 3491 1002 3556 de
1026 3492 1086 3556 ΒΕ
1109 3492 1241 3578 primae
1271 3492 1520 3575 circulationiS,
1545 3499 1583 3556 et

438 3624 503 3688 hoo
532 3644 593 3707 per
627 3620 771 3686 nimiam
800 3617 1049 3684 abundantiam
1080 3617 1261 3697 siccitatiS,
1292 3616 1394 3683 debet
1429 3615 1582 3682 medicus

440 3748 680 3814 administrare
699 3767 760 3831 per
781 3746 843 3809 ΑΕ
862 3753 897 3809 et
915 3766 977 3830 per
997 3742 1063 3806 AH
1082 3750 1203 3807 contra
1233 3743 1373 3807 domum
1393 3741 1434 3807 de
1452 3741 1525 3824 EF,
1546 3749 1582 3806 et

440 3875 560 3940 domus
582 3874 623 3939 de
643 3872 705 3938 CH
730 3871 980 3958 multiplicetur
1000 3878 1120 3934 contra
1139 3868 1278 3934 domum
1297 3868 1367 3933 BF.

535 4142 551 4191 ‘d
566 4139 597 4189 in
607 4129 776 4203 regionibns
791 4133 840 4183 due
853 4133 920 4184 volte
933 4133 962 4182 Χ
