3488 5108
671 410 801 458 caurus
822 410 981 457 rarorum
1002 410 1208 457 srnrvnavu.
1453 394 1509 455 157

456 567 534 633 XV.
559 568 622 633 Est
641 566 923 651 accommodatio,
943 574 1064 654 utpote
1082 566 1221 655 adeptio
1237 568 1323 633 certi
1339 574 1374 632 et
1393 588 1512 633 conve·

367 691 497 758 nientis
525 691 670 776 ordiniS,
690 692 777 759 situs
800 699 835 758 et
854 693 1098 759 consistentiae
1125 692 1164 758 in
1187 715 1226 759 eo
1247 715 1325 759 cum
1345 713 1412 779 quo
1432 714 1510 758 con-

368 817 503 903 cordat,
524 819 616 904 quod
634 819 691 885 vel
707 818 913 885 concordare
932 818 1038 906 cupit.

457 944 552 1010 XVI.
569 945 633 1010 Est
649 944 856 1032 sympathia,
868 951 990 1032 utpote
1001 952 1121 1010 mutua
1138 943 1305 1031 quaedam
1317 944 1509 1034 acceptatio

322 1078 343 1141 5
367 1078 402 1137 et
421 1071 621 1158 complexio.

456 1199 571 1264 XVII.
588 1200 652 1265 Est
668 1197 929 1286 complacentia,
950 1204 1071 1285 utpote
1086 1198 1233 1286 probata
1249 1199 1420 1287 voluntas,
1441 1223 1511 1287 qua

366 1324 527 1390 videlicet
547 1324 639 1411 quod
658 1332 795 1391 amatur
817 1323 1008 1414 appetitur,
1039 1331 1074 1390 et
1102 1347 1180 1391 cum
1210 1348 1277 1411 quo
1305 1335 1357 1392 est
1387 1349 1508 1393 conve·

365 1450 500 1516 nientia
519 1450 667 1516 libenter
682 1457 832 1535 amatur,
851 1449 1001 1516 libenter
1019 1450 1235 1517 convenitur.

453 1576 588 1642 XVIII.
613 1576 678 1642 Est
707 1575 884 1663 colligatio
913 1582 948 1642 et
975 1575 1122 1660 sancti0,
1152 1583 1274 1664 utpote
1308 1577 1444 1643 stabilis
1475 1586 1510 1645 et

300 1715 342 1777 10
364 1706 463 1771 firma
482 1705 707 1771 consistendo
727 1727 786 1771 seu
805 1703 1042 1772 subsistentia.

454 1830 653 1918 Sequuntur
688 1831 840 1898 rationes
876 1831 1036 1920 propriae
1072 1831 1300 1898 rationalibus
1334 1838 1368 1897 et
1405 1832 1507 1898 intel·

363 1956 585 2023 lectualibus:

451 2082 552 2147 XIX.
577 2082 639 2148 Ilst
659 2080 879 2167 condonatio,
900 2080 1069 2167 remissio,
1089 2103 1229 2169 parcere
1250 2089 1313 2148 etc.

451 2208 535 2274 XX.
560 2208 623 2274 Est
642 2206 837 2274 communio
857 2230 949 2274 usus.

298 2344 338 2407 15
451 2334 553 2399 XXI.
576 2333 641 2399 Est
657 2332 855 2418 concilium,
875 2333 1106 2417 cohaerentia,
1128 2333 1319 2400 communis
1337 2333 1421 2400 vita.

452 2459 573 2526 XXII.
592 2460 655 2526 Est
674 2459 818 2526 comitas
837 2482 896 2527 seu
911 2458 1100 2526 affabilitas
1119 2482 1179 2526 seu
1197 2458 1348 2526 facilitas
1362 2481 1503 2528 conver-

362 2585 516 2653 sati0nis.

451 2712 590 2776 XXIII.
614 2711 678 2777 Est
696 2711 844 2777 servitus
863 2717 898 2776 et
914 2708 1123 2792 obedientia,
1140 2716 1261 2799 utpote
1279 2710 1317 2776 in
1336 2709 1505 2777 inferiori·

362 2839 426 2904 bus
447 2837 490 2903 ad
510 2836 700 2925 superiora,
720 2837 784 2924 (in)
803 2835 967 2922 obligatis
987 2833 1030 2901 ad
1049 2835 1270 2901 benemerita.

295 2971 339 3033 ‘20
452 2965 586 3029 XXIV.
610 2963 673 3027 Est
692 2962 938 3029 obsecundatio
958 2984 1017 3027 seu
1036 2959 1252 3047 obsequium,
1273 2968 1433 3047 quaeest
1455 2960 1507 3027 in·

362 3096 415 3155 ter
432 3089 542 3177 paria,
564 3088 704 3172 similia,
724 3109 835 3173 neque
855 3086 1022 3173 obligata,
1043 3086 1102 3153 sed
1121 3109 1228 3173 aeque
1249 3092 1404 3152 mutuam
1425 3107 1503 3175 ope-

362 3238 436 3280 ram
454 3214 679 3302 praestantia.

451 3340 566 3406 XXV.
585 3340 649 3406 Est
666 3338 957 3425 conquiescentis,
970 3339 1035 3404 hoo
1051 3345 1103 3406 est
1118 3344 1254 3428 pacata,
1267 3337 1395 3421 sedata,
1412 3345 1505 3404 tran·

362 3467 470 3556 quilla
489 3477 524 3534 et
543 3474 620 3534 tuta
639 3466 821 3533 concordia
841 3488 899 3532 seu
919 3465 1088 3532 assecutio
1107 3488 1167 3532 seu
1185 3465 1364 3553 possessio.

295 3614 337 3676 25
450 3595 585 3661 XXVI.
610 3594 672 3660 Est
691 3600 831 3683 pactum
850 3591 907 3658 vel
925 3589 1059 3674 foedus,
1079 3591 1148 3675 lex,
1169 3613 1257 3677 quae
1273 3615 1314 3658 ex
1331 3590 1504 3657 communi

362 3742 528 3786 consensu
548 3726 582 3785 et
601 3719 791 3787 voluntate.

451 3845 604 3911 XXVII.
627 3845 690 3910 Est
706 3843 890 3930 obligatio,
908 3841 1154 3927 iuramentum,
1173 3840 1365 3926 obstrictio,
1383 3848 1504 3930 utpote

361 3970 478 4037 debita
497 3994 538 4036 ex
557 3971 633 4057 lege
653 3977 688 4036 et
706 3975 808 4057 paeto
827 3990 897 4034 non
915 3967 1089 4034 violanda.

452 4256 561 4324 ssquod
578 4273 627 4308 om.
645 4257 677 4306 M
739 4258 769 4308 10
789 4257 989 4318 consistentia]
1008 4259 1274 4322 consublsieteutia
1290 4259 1314 4309 A
1378 4260 1408 4310 14
1430 4272 1505 4310 com·

361 4394 558 4457 munio,usns
572 4391 604 4441 M
666 4393 696 4442 19
713 4391 744 4442 in
762 4394 851 4443 om.A
916 4344 1172 4444 20⁰¹ieoundation
1239 4391 1500 4454 23h.o.M:-÷A

358 4474 438 4524 2228
454 4478 554 4539 utpoto
572 4489 607 4523 ex
625 4471 737 4537 debito,
756 4473 802 4524 vol
820 4489 855 4524 ex
869 4472 947 4538 logo,
962 4474 1104 4540 valperto
1118 4489 1178 4526 non
1195 4474 1329 4526 violando
1344 4472 1374 4524 Μ
