3488 5108
741 396 881 441 [onnam
902 397 1003 442 BRVNI

746 630 833 671 'reatus
847 629 987 680 explanatio.
1464 605 1515 668 ΘΓ
1524 604 1572 666 Β

385 800 557 880 Quoniam
577 821 658 887 ergo
677 822 719 865 ex
738 799 937 886 cognitione
967 799 1227 887 elementorum,
1251 803 1439 891 principio·

294 950 372 995 rum
395 933 429 993 et
454 947 633 993 causarum
657 924 913 1014 procedendum
932 932 984 991 est
1008 926 1052 1012 ei,
1078 927 1137 1013 qui
1156 927 1381 995 indicativam
1405 935 1440 994 et

295 1053 522 1120 doctrinalem
541 1052 761 1140 persequitur
779 1050 994 1135 methodum,
1014 1051 1052 1118 in
1081 1051 1136 1119 his
1166 1076 1253 1138 quae
1278 1060 1440 1121 constant

252 1172 272 1237 ὅ
296 1178 494 1268 principiis,
515 1178 627 1245 causis
649 1184 686 1244 et
709 1177 887 1244 elementis
907 1177 1201 1264 (quandoquidem
1217 1179 1274 1244 hic
1293 1185 1345 1245 est
1364 1201 1441 1267 pro-

296 1328 433 1394 gressus
456 1304 775 1389 demonstrationis,
801 1325 868 1389 quo
897 1303 1058 1371 videlicet
1088 1305 1291 1372 resolvimus
1324 1312 1439 1372 totum

299 1438 333 1498 et
351 1432 551 1497 universum
574 1429 612 1496 in
637 1428 699 1495 illa
722 1451 764 1494 ex
787 1422 913 1515 quibus
933 1435 985 1495 est
1005 1431 1233 1518 compositum
1256 1439 1291 1497 et
1315 1431 1441 1498 confla-

297 1564 387 1625 tum:
407 1581 521 1645 neque
540 1556 759 1624 existimetur
782 1579 844 1644 per
866 1557 1053 1645 principia,
1071 1581 1190 1625 causas
1213 1564 1248 1625 et
1271 1559 1441 1627 elementa

296 1706 359 1751 nos
378 1684 430 1750 uti
450 1684 636 1770 synonima
661 1681 829 1768 quaedam
859 1682 1028 1770 accipere,
1056 1684 1333 1771 quandoquidem
1354 1684 1441 1752 haec

233 1808 275 1873 10
297 1810 411 1890 aliena¹
429 1809 556 1876 debent
575 1832 648 1875 esse
664 1832 684 1875 a
700 1808 845 1874 scientia
863 1807 1138 1876 demonstrativa
1153 1832 1212 1876 seu
1228 1810 1442 1899 speculativa

298 1935 484 2002 secundum
509 1939 684 2016 naturam,
705 1933 919 2021 principium
952 1935 1081 2023 quippe
1099 1935 1143 2002 ad
1168 1935 1268 2023 plura
1292 1935 1442 2004 refertur

298 2082 401 2146 quam
421 2082 523 2128 causa
543 2067 578 2126 et
597 2058 821 2143 elementum,
842 2059 1014 2146 siquidem
1033 2061 1145 2126 oriens
1164 2083 1224 2127 seu
1244 2069 1340 2127 ortus
1360 2062 1442 2128 solis

298 2187 510 2275 principium
538 2185 665 2252 dicitur
685 2185 766 2269 diei,
796 2208 867 2251 non
886 2192 1003 2252 autem
1028 2209 1142 2270 causa;
1167 2209 1269 2254 causa
1295 2187 1441 2254 subinde

299 2313 399 2400 plura
433 2296 608 2398 significat
642 2334 747 2396 quarn
780 2311 1002 2396 elementum,
1037 2312 1208 2398 siquidem
1233 2312 1384 2379 efficiens
1409 2319 1443 2379 et

234 2434 274 2497 15
298 2437 377 2503 finis
392 2443 474 2503 sunt
489 2459 625 2523 causae,
643 2459 713 2503 non
729 2445 844 2502 autem
861 2437 1044 2522 elementa,
1065 2438 1343 2525 quandoquidem
1359 2438 1443 2505 haec

300 2570 380 2628 sunt
411 2569 528 2650 partes
552 2563 602 2628 rei
627 2561 886 2647 constitutivae,
907 2586 925 2628 e
944 2563 1069 2648 quibus
1104 2563 1323 2651 componitur
1348 2562 1443 2628 etin

299 2710 384 2774 quas
417 2688 615 2755 resolvitur}
638 2690 643 2773 l
664 2710 791 2774 ergoa
824 2688 1019 2776 principiis,
1056 2689 1167 2754 causis
1201 2696 1236 2755 et
1259 2689 1438 2756 elementis
1464 2687 1572 2753 6OE

298 2812 552 2902 procedendum
586 2811 629 2878 ad
661 2813 895 2899 cognitionem
920 2835 1054 2898 eorum,
1084 2836 1171 2900 quae
1202 2813 1332 2880 habent
1370 2819 1444 2878 tum

300 2938 472 3026 principia
489 2944 564 3003 tum
581 2959 701 3004 causas
717 2945 790 3004 tum
811 2941 1007 3026 elementa),
1025 2940 1109 3006 haec
1128 2941 1243 3006 omnia
1260 2961 1337 3006 cum
1357 2960 1446 3004 com-

237 3066 281 3127 ‘20
304 3064 485 3151 pariantur
511 3063 547 3129 in
574 3064 868 3151 contemplatione
898 3089 985 3152 quae
1013 3074 1064 3134 est
1098 3067 1144 3132 de
1179 3074 1342 3150 natura,
1378 3078 1446 3137 sta-

301 3195 448 3255 tuuntur
464 3189 576 3276 primo
593 3189 630 3254 in
645 3190 881 3257 huiuscemodi
897 3192 1188 3280 contemplatione
1205 3194 1444 3280 comparanda.

302 3315 383 3381 Sive
403 3339 456 3381 res
476 3338 558 3402 ergo
579 3315 651 3381 sive
671 3339 786 3382 rerum
806 3318 972 3403 cognitio,
993 3319 1022 3383 si
1044 3319 1176 3385 habent
1194 3319 1262 3385 tria
1286 3319 1383 3404 liaeo,
1403 3343 1445 3384 ex

301 3442 344 3508 iis
364 3450 446 3508 sunt
464 3442 680 3528 inquirenda.

558 3656 659 3696 Naturae
675 3666 721 3696 non
736 3660 789 3696 sunt
802 3666 897 3706 causae,
913 3656 1028 3706 principia
1042 3659 1064 3696 ct
1079 3657 1200 3697 clementa.
1466 3639 1518 3699 4¹⁸
1530 3639 1582 3700 M

236 3831 279 3893 25
392 3824 526 3889 Natura
546 3823 696 3888 occurrit
716 3821 980 3909 contemplanda
1004 3828 1063 3886 aut
1083 3821 1196 3906 quoad
1220 3845 1316 3887 suam
1336 3846 1447 3888 essen-

303 3953 387 4017 tiam
409 3957 443 4016 et
462 3973 547 4027 esse,
565 3956 599 4015 et
620 3949 670 4015 ita
692 3970 762 4014 non
783 3957 834 4014 est
864 3949 921 4014 via
941 3956 974 4013 et
994 3949 1076 4014 ordo
1097 3948 1139 4014 ad
1159 3971 1234 4014 eam
1258 3972 1298 4013 ex
1320 3951 1443 4027 carisio,

395 4235 444 4284 5.6
469 4228 1008 4299 quandoquidem-demonatrationis
1028 4225 1058 4276 ia
1076 4226 1216 4291 paraclesi
1238 4225 1276 4275 E:
1300 4222 1347 4275 noi
1369 4232 1447 4276 aaran·

304 4314 393 4364 cliuoso
413 4315 440 4363 la
462 4311 603 4378 paraclesi
617 4311 676 4376 fiuo
693 4328 711 4359 α
728 4328 752 4360 u.
772 4311 803 4358 19
866 4309 920 4358 8.9
942 4307 1151 4358 concellcrenrmo
1174 4303 1301 4371 pialtoalo
1328 4321 1379 4371 per
1402 4306 1447 4356 circ

304 4395 362 4458 uti,
373 4410 398 4445 ae
407 4410 480 4459 perc
491 4394 593 4444 l'uuco
606 4392 624 4441 l’
634 4393 706 4442 ultro
715 4389 727 4440 ὲ
737 4391 772 4440 da
783 4389 930 4440 cancellare.
977 4390 1008 4439 16
1021 4389 1198 4438 constitutae
1212 4387 1238 4437 Ε
1285 4387 1362 4438 11120
1374 4403 1446 4439 com·

305 4476 458 4543 periuntur
469 4474 497 4526 E
557 4472 588 4523 25
606 4471 665 4542 aut]
681 4472 709 4522 la
719 4468 873 4538 portizionc
886 4468 899 4519 ὲ
912 4467 1020 4534 riprcsa
1034 4486 1051 4518 α
1062 4485 1091 4533 p.
1107 4471 1166 4527 267,
1186 4470 1214 4519 12
