3488 5108
756 430 921 477 unmcnm
942 431 1116 477 nunninus.
1449 420 1507 477 593

361 586 445 646 iuxta
463 606 594 646 canones
613 585 773 662 vulgatos,
795 595 953 664 aspectus,
974 584 1059 646 sidus
1087 585 1126 644 ed
1154 586 1243 661 sigua
1269 585 1384 646 zodiaci
1412 596 1444 648 et
1472 608 1508 647 ea

362 715 438 771 quaa
456 703 528 753 sunt
544 692 657 752 circum
684 694 765 753 circa
786 692 816 750 iu
845 711 948 751 eorum
976 692 1138 752 latitudine
1156 693 1194 753 ad
1211 702 1371 771 utrumque
1391 696 1507 773 polum,

361 802 461 862 ductis
489 821 543 862 sex
567 800 630 862 illis
657 799 778 861 circulis
805 800 1054 878 distinctcribus,
1076 809 1149 861 tunc
1174 803 1369 863 exactissime
1392 805 1507 880 poteris

362 909 496 970 iudicare
519 919 550 970 et
566 910 631 970 sine
653 928 755 969 errore
780 906 819 968 de
841 908 970 985 singulis
987 927 1083 984 usque
1101 909 1140 967 ad
1162 911 1285 970 minima
1302 912 1505 990 perpendere,

318 1017 339 1080 b
361 1016 604 1094 quandoquidem
622 1025 653 1077 et
670 1036 708 1076 ex
729 1016 797 1094 ipso
815 1036 915 1077 rerum
932 1025 1043 1076 eventu
1064 1017 1211 1077 nativitas
1239 1038 1276 1077 an
1303 1030 1387 1079 recte
1415 1020 1508 1079 fuerit

361 1124 527 1185 constituta
539 1126 652 1203 poterit
661 1123 788 1183 iudicari
800 1131 831 1183 et
842 1124 952 1199 corrigi
964 1133 996 1185 at
1005 1125 1190 1203 reparari‚et
1200 1146 1237 1186 ex
1247 1125 1505 1204 praevaricatione

361 1233 458 1312 ipsius
479 1232 609 1294 subiecti
629 1231 819 1292 medicabilis
840 1232 925 1291 iuxta
945 1233 1059 1293 formas
1086 1254 1160 1294 suae
1188 1234 1378 1294 alterationis
1400 1245 1505 1295 exacte

361 1343 478 1421 poteris
495 1341 684 1417 distinguere
702 1340 740 1400 da
757 1341 911 1418 partibus,
931 1341 1101 1417 quantitate
1123 1351 1154 1400 et
1172 1342 1318 1417 qualitate
1335 1342 1506 1420 humorum,

362 1458 684 1526 temperamentorum,
703 1456 738 1506 ut
754 1456 915 1523 augentur,
943 1455 978 1507 ut
1003 1447 1225 1522 diminuuntur,
1253 1446 1452 1508 intenduntur
1477 1456 1508 1507 et

299 1559 340 1621 10
362 1554 570 1626 remittuntur,
589 1564 622 1614 ut
638 1562 770 1634 possunt
783 1553 908 1614 tendere
926 1553 965 1614 ad
983 1554 1207 1651 ccrruptionem
1226 1573 1280 1613 seu
1299 1553 1437 1631 exitium,
1455 1554 1505 1613 vel

362 1663 499 1740 reparari
525 1682 579 1722 seu
607 1663 779 1723 instaurari.
807 1663 970 1742 Principiis
996 1683 1068 1724 vero
1091 1663 1315 1724 universalibus
1336 1661 1507 1722 sufficiebat

362 1770 463 1830 Lullio
481 1771 524 1829 ita
541 1771 711 1830 communia
727 1770 823 1830 veluti
841 1790 944 1830 crasso
963 1771 1052 1830 modo
1071 1771 1223 1848 respicere
1245 1770 1282 1830 ad
1313 1768 1505 1829 differentias

362 1879 533 1954 regionum,
550 1878 731 1955 qualitatum
748 1878 779 1938 in
796 1876 986 1955 regionibus,
1004 1878 1160 1938 mobilium
1178 1887 1210 1938 et
1227 1877 1395 1953 stabilium,
1411 1877 1505 1936 consi·

363 1988 508 2048 stentium
525 1987 556 2046 in
575 1988 699 2065 propria
716 1988 765 2047 vel
782 1988 813 2048 in
831 1988 930 2048 aliena
948 1987 1050 2064 dom0;
1068 1988 1149 2048 unde
1163 1988 1235 2047 talis
1252 1987 1351 2063 qualis
1368 1985 1506 2062 sequitur

299 2100 340 2162 15
363 2094 441 2154 ratio
469 2094 594 2154 dominii
618 2102 650 2155 et
676 2095 848 2171 servitutis,
876 2095 1071 2155 exaltationis
1097 2104 1128 2155 et
1155 2095 1372 2173 depressionis.
1389 2095 1504 2154 Verum

361 2211 463 2261 autem
480 2203 517 2261 ad
538 2222 633 2280 pauca
649 2203 884 2281 respicientibus
905 2203 1009 2263 evenit
1029 2224 1089 2262 non
1115 2203 1154 2264 de
1182 2203 1286 2263 multis
1314 2210 1345 2262 et
1372 2202 1504 2280 propriis

362 2329 453 2387 posse
480 2309 629 2385 iudicare;
656 2309 769 2370 sufficit
795 2330 868 2388 ergo
897 2310 942 2370 illi
969 2311 1050 2372 viam
1067 2318 1271 2386 monstrasse,
1289 2310 1378 2370 nobis
1399 2329 1504 2370 varum

362 2434 429 2476 eam
446 2416 607 2494 stravisse,
626 2417 817 2494 distinxisse,
836 2437 1034 2496 expurgasse.
1052 2415 1141 2490 Quod
1159 2438 1233 2479 vero
1253 2418 1360 2477 ultimo
1376 2416 1443 2477 loco
1461 2437 1507 2477 re-

361 2525 490 2600 quiritur
500 2526 581 2587 circa
598 2525 803 2587 definitionem
821 2527 1011 2603 singulorum
1027 2526 1058 2587 in
1084 2525 1223 2604 speciali,
1253 2526 1284 2586 in
1309 2525 1503 2586 institutione
1519 2527 1525 2535 '

295 2635 339 2698 20
362 2635 565 2695 astronomica
582 2634 641 2694 nisi
657 2634 746 2694 nobis
764 2634 868 2694 datum
885 2633 979 2695 fucrit
995 2634 1181 2714 expendere,
1200 2653 1238 2695 ex
1260 2654 1297 2694 ea
1309 2653 1385 2711 quac
1404 2655 1422 2693 a
1439 2654 1505 2713 pro

361 2743 527 2804 batissimis
545 2761 600 2802 seu
616 2741 844 2820 probatioribus
862 2741 946 2802 edita
967 2751 1016 2802 est
1036 2743 1217 2818 requiratur.
1246 2741 1376 2801 Domum
1401 2749 1504 2802 tamen

360 2850 566 2932 singularibus
584 2849 661 2909 hanc
678 2849 847 2910 doctrinam
864 2849 1021 2929 applicare
1037 2849 1268 2928 practicantium
1287 2849 1352 2909 erit.

451 2957 539 3029 Quod
566 2977 639 3017 vero
667 2957 705 3016 ad
726 2958 980 3036 complementum
1007 2957 1083 3018 artis
1104 2957 1232 3035 attinet,
1262 2956 1393 3018 sufficiet
1419 2976 1503 3034 prac-

360 3069 440 3126 scnti
456 3068 580 3125 nostrae
605 3064 763 3124 Lullianac
781 3065 965 3124 institutioni
983 3064 1129 3140 colligere
1155 3065 1361 3142 proprietates
1387 3071 1418 3122 et
1446 3063 1503 3122 vir·

294 3171 336 3233 25
360 3184 443 3234 tutes
471 3174 641 3243 domorum,
665 3184 855 3252 aspectuum,
882 3174 1100 3251 planetarum,¹
1123 3173 1293 3249 signorum,
1326 3171 1504 3248 imaginum,

360 3283 548 3342 mansionum
566 3281 654 3340 lunae
670 3291 702 3340 et
718 3281 908 3341 diversorum
926 3281 1126 3359 synodorum,
1137 3280 1246 3357 quibus
1263 3278 1364 3340 solent
1381 3298 1502 3339 concur·

360 3410 428 3450 rere
444 3390 534 3448 simul
552 3390 654 3448 variae
668 3389 811 3464 virtutes,
828 3409 905 3464 quae
923 3389 1024 3449 omnia
1035 3408 1091 3449 nos
1103 3385 1263 3466 aptissima
1277 3394 1308 3447 et
1323 3386 1500 3462 luculenter,

360 3498 386 3557 si
404 3506 525 3575 tempus
543 3496 678 3573 dabitur,
695 3495 880 3556 adducemus
902 3497 958 3557 sub
985 3497 1088 3576 specie
1107 3497 1270 3572 imaginum
1287 3495 1395 3555 minori
1412 3515 1501 3571 quam

360 3606 533 3664 centenario
551 3625 676 3665 numero
694 3613 921 3682 contentarum,
940 3606 1026 3667 iuxta
1053 3627 1184 3668 canones
1212 3606 1243 3664 in
1270 3604 1441 3678 Triginta
1461 3602 1501 3661 si·

294 3715 339 3778 30
360 3713 467 3790 gillis
489 3713 665 3791 explicatos.

449 3999 466 4047 2
482 4002 627 4064 utrunque
642 3997 675 4047 M
733 3998 766 4047 26
782 3994 970 4053 diversorum]
983 3992 1021 4042 ric
1034 3991 1067 4042 Μ

497 4590 573 4630 Bauer
589 4589 643 4638 epp.
657 4589 696 4628 lat.
713 4586 754 4627 111.
