3488 5108
410 386 470 444 628
851 399 990 447 mamm
1011 399 1114 446 namu

500 586 511 628 a
526 582 556 621 11.
573 583 605 620 ne
619 582 711 621 somne
726 579 854 636 cholerico„
870 557 936 624 Pro
956 557 1053 622 cuius
1074 555 1249 623 evidentia
1268 566 1320 624 est
1343 557 1572 640 notandum,

410 682 501 766 quod
524 685 562 748 in
587 683 727 750 homine
751 683 920 750 cholerico
935 684 965 748 B
983 705 1045 769 per
1063 705 1171 748 unum
1186 682 1333 769 gradum
1353 683 1502 749 excedit
1520 682 1570 766 O,

409 816 443 874 et
455 832 516 898 per
532 811 616 877 duos
633 811 768 877 excedit
781 813 820 895 A,
835 817 869 876 et
885 833 947 897 per
962 816 1033 876 tres
1045 808 1093 890 D;
1108 808 1254 894 ideoque
1269 810 1307 875 in
1323 810 1470 876 homine
1484 810 1573 876 cho·

408 936 512 1002 lorice
524 938 676 1024 partitur
690 939 718 1002 B
733 938 771 1003 in
790 943 955 1022 quattuor
967 942 1094 1022 partes,
1113 958 1260 1022 quarum
1271 937 1384 1022 prima
1400 937 1569 1004 existens

364 1075 384 1136 5
408 1084 567 1147 suprema
582 1069 634 1127 est
650 1063 688 1127 in
704 1061 815 1150 gradu
833 1069 966 1148 quarte,
987 1059 1136 1127 secunda
1147 1061 1185 1125 in
1202 1062 1399 1148 quantitate
1415 1061 1569 1150 aequali

407 1187 475 1274 ipsi
492 1188 530 1271 C,
547 1188 652 1254 tertia
671 1211 751 1275 pars
770 1189 878 1254 estin
899 1189 1096 1272 quantitate
1115 1187 1252 1272 aequali
1271 1187 1338 1273 ipsi
1358 1188 1404 1271 A,
1426 1187 1567 1255 calefa-

408 1314 520 1378 ciente
539 1307 621 1400 igne
651 1314 689 1379 in
707 1314 819 1401 gradu
848 1314 996 1380 secundo
1013 1313 1195 1379 materiam
1214 1313 1404 1415 subiectam
1421 1315 1493 1402 ipsi
1515 1316 1565 1381 D.

409 1440 527 1505 Prima
543 1440 636 1506 enim
652 1463 732 1528 pars
751 1442 860 1529 ipsius
880 1441 910 1505 B
926 1446 978 1505 est
998 1439 1158 1525 simplex,
1179 1447 1214 1504 et
1233 1446 1285 1504 est
1304 1462 1410 1527 agens
1430 1449 1466 1506 et
1483 1465 1564 1508 non

407 1565 558 1650 patiens,
580 1572 614 1630 et
640 1566 746 1631 habet
768 1565 962 1631 naturalem
983 1565 1179 1652 appetitum
1206 1564 1251 1629 ad
1279 1567 1562 1632 conservandum

345 1698 383 1760 10
407 1690 556 1778 speciem
570 1690 664 1756 illius
683 1691 833 1758 hominis
853 1691 1023 1758 cholerici.
1042 1691 1085 1757 In
1103 1690 1277 1779 principio
1298 1692 1390 1757 enim
1408 1713 1558 1779 genera

404 1815 510 1882 tionis
523 1816 650 1902 gradus
665 1829 807 1902 quartus
816 1818 846 1882 B
855 1817 1036 1903 generavit
1045 1839 1154 1882 unum
1167 1816 1358 1903 simplicem
1369 1826 1558 1904 punctum,

405 1939 612 2026 quiquidem
624 1950 775 2028 punctus
788 1942 1023 2025 descendit(ut
1036 1942 1086 2008 ita
1098 1942 1285 2028 loquar)ad
1296 1949 1435 2027 terram,
1446 1966 1557 2010 causa

404 2065 592 2152 recipiendi
611 2074 780 2154 punctum
799 2091 906 2134 unum
927 2069 970 2134 ab
989 2069 1063 2154 ipso
1078 2067 1114 2133 O.
1134 2067 1215 2132 Ideo
1234 2068 1264 2132 B
1283 2068 1445 2156 proprius
1464 2070 1556 2136 reci·

402 2193 456 2279 pit
474 2194 517 2259 ab
536 2195 612 2281 ipso
627 2194 652 2259 O
669 2195 861 2260 siccitatem
876 2218 980 2281 quam
996 2194 1054 2260 det
1071 2194 1143 2259 ae'ri
1160 2194 1382 2279 caliditatem,
1396 2202 1431 2262 et
1449 2197 1556 2283 prius

339 2333 379 2396 15
403 2319 571 2404 quamsit
595 2320 780 2404 eontraD;
810 2320 997 2387 secundum
1028 2321 1122 2387 enim
1152 2320 1322 2387 rationem
1352 2322 1556 2389 naturalem

401 2444 494 2530 ignis
514 2453 566 2510 est
585 2446 696 2532 magis
716 2446 754 2511 in
774 2470 809 2511 se
836 2447 911 2533 ipso
932 2469 1035 2532 quam
1055 2447 1092 2511 in
1111 2447 1197 2529 alio,
1223 2454 1257 2512 et
1276 2447 1362 2513 illud
1385 2447 1478 2513 idem
1499 2472 1556 2514 se-

402 2571 521 2656 quitur
537 2571 578 2637 de
597 2571 675 2638 aliis
695 2572 885 2655 elementis,
907 2572 982 2638 idco
999 2571 1081 2658 quia
1097 2571 1189 2658 ignis
1207 2572 1303 2658 prius
1323 2573 1459 2660 appetit
1478 2573 1554 2640 sibi

403 2721 507 2783 quarn
526 2700 643 2783 alteri,
664 2707 806 2787 propter
825 2699 917 2786 quod
936 2701 973 2765 in
992 2701 1165 2788 principio
1184 2702 1417 2787 generationis
1436 2703 1555 2791 ipsius

399 2825 550 2891 hominis
570 2826 734 2892 cholerici
764 2835 816 2892 est
835 2828 909 2915 ipse
937 2828 1027 2914 ignis
1057 2829 1094 2893 in
1125 2851 1194 2894 uno
1218 2837 1348 2916 puncto
1377 2830 1555 2919 simplici,

333 2967 377 3030 20
399 2951 618 3036 postmodum
641 2964 755 3017 autem
785 2955 1085 3040 appropinquatur
1108 2961 1220 3018 terrae
1251 2979 1292 3018 ex
1312 2978 1351 3020 ca
1374 2956 1552 3042 recipiens

400 3076 604 3161 siccitatem,
626 3086 664 3143 ut
684 3078 897 3163 dictumest,
919 3103 987 3164 qua
1003 3087 1141 3165 recepta
1160 3087 1241 3145 sunt
1258 3080 1307 3144 ibi
1328 3081 1393 3146 duo
1413 3091 1551 3168 puncta

399 3222 487 3284 quae
505 3202 640 3268 faciunt
658 3204 799 3286 lineam;
817 3212 851 3269 et
866 3212 985 3291 postea
1001 3205 1301 3292 appropinquatur
1318 3207 1385 3293 ipsi
1398 3207 1469 3272 aeri
1489 3209 1550 3273 cui

397 3327 540 3412 praebet
557 3329 784 3415 caliditatem,
803 3339 836 3395 et
850 3340 933 3395 tunc
950 3339 1000 3396 est
1013 3331 1105 3396 linea
1118 3355 1195 3395 cum
1211 3332 1408 3412 latitudine;
1428 3356 1549 3400 conse-

398 3460 544 3536 quenter
564 3477 645 3519 vero
669 3464 855 3540 generatur
876 3466 1018 3542 quartus
1037 3465 1188 3543 punctus
1212 3481 1253 3521 cx
1273 3457 1315 3540 D,
1335 3467 1370 3523 et
1389 3468 1472 3524 tunc
1493 3469 1550 3526 est

330 3602 372 3665 25
396 3589 600 3663 generatum
621 3587 655 3644 et
677 3584 680 3662 Ι
703 3583 911 3668 completum
930 3605 1053 3669 corpus
1073 3582 1167 3647 illius
1191 3583 1341 3650 hominis
1366 3585 1545 3671 cholerici,
1579 3591 1709 3654 1⁹78r

395 3705 526 3770 habeus
546 3707 815 3793 longitudinem,
848 3709 1069 3773 latitudinem
1089 3717 1123 3773 et
1147 3710 1430 3796 profunditatem.
1455 3712 1547 3780 Cum

395 3832 505 3918 igitur
528 3834 590 3897 hoo
608 3834 658 3899 ita
676 3835 736 3916 sit,
753 3858 793 3898 ex
809 3856 847 3898 eo
864 3835 1036 3899 revelatur
1051 3844 1201 3920 punctus
1219 3837 1395 3922 septimus,
1413 3839 1472 3923 qui
1491 3849 1547 3904 cst

395 3957 432 4022 in
451 3958 561 4043 gradu
582 3967 706 4042 quarto
725 3971 848 4046 potens
869 3967 903 4023 et
927 3960 1086 4025 dominus
1107 3968 1212 4046 atque
1232 3972 1358 4046 rector,
1379 3965 1547 4030 ucetiam

395 4085 453 4167 qui
469 4107 531 4170 per
550 4083 770 4151 influentiam
784 4094 916 4172 septem
931 4086 1152 4174 planetarum
1171 4096 1287 4154 movet
1301 4090 1388 4155 alios
1404 4091 1545 4176 gradus

328 4226 371 4287 30
394 4217 428 4273 et
444 4218 495 4275 est
515 4212 551 4275 in
572 4212 635 4276 tali
655 4215 788 4298 genit0,
810 4213 846 4277 in
865 4213 1039 4300 principio
1061 4214 1104 4278 ad
1123 4216 1396 4299 generationem,
1418 4217 1454 4281 in
1474 4217 1546 4285 fine

485 4471 516 4519 22
533 4472 587 4537 ipsi
600 4471 667 4522 παῖζ’
678 4471 823 4523 intertincti
838 4474 879 4538 (di
895 4474 970 4523 altra
984 4473 1096 4540 nancel)
1111 4474 1140 4524 X
