3488 5108
660 410 790 456 tauris
810 409 970 457 smmum
992 410 1201 456 srsrvanvu.
1445 396 1500 457 171

357 574 454 633 actus
473 566 565 632 enim
586 567 840 634 contrarietatis
869 567 943 633 sine
972 588 1141 633 concursu
1170 567 1286 634 nullus
1316 576 1381 651 cst;
1413 591 1501 655 quae

356 694 485 760 etenim
503 716 676 781 nusquam
694 701 905 762 concurrunt
923 694 978 759 vel
997 693 1224 779 conveniunt,
1243 716 1413 781 nusquam
1433 695 1501 762 ista

356 820 585 887 adversantur
600 818 743 884 ratione.

446 944 586 1011 XXIX.
613 943 706 1022 Quae
722 949 842 1010 mutuo
854 943 1061 1031 dissolvunt,
1075 944 1290 1033 disgregant3
1304 946 1396 1034 quod
1408 946 1500 1014 enim

314 1074 336 1138 5
359 1067 570 1137 dissolvendi
593 1069 664 1135 vim
687 1069 894 1153 nonhabet,
914 1070 1207 1156 nequevinoendi
1233 1094 1344 1158 neque
1367 1078 1502 1138 contra

358 1194 486 1278 riandi,
505 1201 540 1260 et
556 1194 648 1282 quod
666 1193 762 1260 nulla
781 1193 915 1260 ratione
934 1201 986 1262 est
1004 1194 1206 1262 dissolubile
1231 1195 1286 1264 vel
1310 1196 1500 1281 divisibile,

357 1342 428 1387 non
448 1325 500 1386 est
518 1320 694 1407 passibile,
715 1327 750 1396 et
766 1325 1034 1409 censetqueuter
1057 1343 1077 1387 a
1101 1321 1274 1388 contrario
1298 1344 1370 1388 non
1387 1321 1505 1389 formi-
1528 1323 1647 1388 168v

359 1445 432 1530 dat,
452 1453 487 1512 et
505 1445 647 1512 tandem
665 1445 718 1511 illi
737 1444 825 1511 nihil
843 1451 895 1512 est
915 1445 1139 1514 contrarium.
1160 1447 1210 1515 Ut
1229 1469 1311 1535 ergo
1330 1446 1504 1514 contraria

360 1579 443 1638 nata
462 1579 543 1638 sunt
562 1594 598 1638 se
616 1578 736 1638 mutuo
756 1576 1001 1657 transmutare,
1021 1571 1072 1637 ita
1095 1578 1130 1638 et
1159 1577 1245 1639 nata
1274 1577 1356 1638 sunt
1385 1577 1505 1640 mutuo

295 1713 338 1777 10
361 1704 554 1787 penetrare,
574 1695 739 1762 dividere.

448 1823 571 1889 XXX.
597 1823 691 1902 Quae
710 1828 829 1889 mutuo
849 1845 884 1887 se
903 1822 1116 1908 extinguunt
1140 1828 1246 1909 atque
1264 1822 1408 1907 tollunt;
1427 1828 1507 1913 post

361 1947 622 2014 dissolutionem
641 1947 734 2013 enim
753 1947 909 2033 sequitur
928 1946 1110 2033 extinctio,
1124 1946 1268 2034 ablatio,
1282 1947 1420 2014 amissio
1440 1948 1518 2014 for--

361 2096 436 2139 mae
456 2081 519 2140 etc.

788 2369 862 2445 DE
902 2368 1086 2447 Asoun

602 2511 705 2590 SEV
745 2512 820 2587 DE
861 2511 1264 2590 nurnuulrnrn.

451 2813 553 2881 Ultra
572 2837 611 2881 ea
631 2837 717 2901 quae
733 2815 771 2882 in
786 2814 967 2882 concordia
983 2821 1018 2882 et
1032 2815 1282 2904 compositione
1298 2816 1506 2901 consistunt,

361 2944 396 3003 et
415 2961 455 3005 ea
474 2961 561 3025 quae
579 2940 617 3006 in
636 2940 881 3007 contrarietate
900 2940 1071 3027 militant,
1092 2947 1248 3030 superest
1271 2947 1306 3007 et
1329 2948 1507 3029 superstat

362 3063 569 3131 invariabile
589 3072 623 3131 et
641 3066 871 3152 immutabile,
890 3073 1011 3155 utpote
1035 3066 1222 3133 aeternitas
1241 3066 1297 3132 vel
1317 3072 1508 3150 aeternum,

363 3190 459 3256 cuius
478 3190 626 3277 triginta
645 3191 796 3258 rationes
815 3192 853 3257 in
871 3192 1016 3258 totidem
1035 3192 1130 3280 typis
1149 3191 1271 3258 referri
1289 3198 1446 3279 possunt.

296 3314 340 3378 20
452 3315 478 3379 I.
504 3316 731 3383 Aeternitatis
750 3340 832 3405 ergo
849 3318 938 3385 ratio
950 3324 1014 3401 est,
1028 3317 1120 3403 quod
1140 3318 1194 3383 vel
1213 3316 1259 3383 sit
1279 3323 1508 3384 conservante

362 3461 433 3505 non
452 3463 570 3528 egens,
592 3441 646 3509 vel
664 3448 831 3530 perpetuo
851 3449 1111 3509 conservantem
1129 3441 1276 3509 habens.

452 3566 497 3631 ΙΙ.
522 3566 611 3644 Quia
631 3574 683 3634 est
702 3568 928 3636 immutabile.

453 3693 516 3757 ΙΠ.
541 3692 630 3770 Quia
660 3716 731 3760 non
757 3693 863 3761 habet
892 3695 929 3761 in
960 3693 1051 3781 quod
1081 3699 1250 3775 transeat;
1283 3714 1384 3758 omne
1413 3692 1507 3758 enim

364 3817 455 3904 quod
473 3816 615 3903 desinit,
634 3819 671 3884 in
690 3818 822 3905 aliquid
840 3819 968 3886 desinit
986 3819 1042 3886 vel
1061 3841 1102 3886 ex
1121 3817 1236 3905 aliquo
1256 3817 1392 3884 desinit.

297 3936 341 4003 25
453 3943 512 4011 IV.
537 3943 636 4021 Quod
659 3944 824 4011 alimento
848 3968 919 4011 non
942 3952 1034 4031 eget,
1057 3950 1179 4032 utpote
1203 3965 1280 4009 cum
1305 3942 1353 4008 nil
1379 3942 1432 4008 sui
1455 3941 1509 4006 de-

365 4068 500 4156 perdat,
529 4092 600 4136 non
630 4070 739 4158 exigit
769 4070 920 4138 alienum
951 4093 1019 4158 quo
1048 4069 1237 4152 reficiatur,
1261 4073 1382 4156 utpote
1402 4089 1422 4133 a
1441 4088 1510 4153 quo

365 4193 475 4262 effluit
494 4204 529 4262 et
548 4197 585 4262 in
605 4197 697 4283 quod
715 4197 804 4263 nihil
823 4197 949 4262 influit.

458 4403 490 4453 14
503 4420 537 4454 ns
547 4419 633 4453 osona
646 4407 700 4468 (ma
713 4402 748 4466 cs.
758 4402 784 4464 f.
800 4404 876 4467 2057
890 4405 936 4453 etc.
952 4403 990 4452 A:
1005 4416 1039 4451 nn
1051 4415 1139 4452 causo
1158 4414 1261 4451 erosos
1277 4414 1326 4451 ssu
1342 4412 1508 4449 arrasum·

367 4499 410 4535 ris
422 4482 453 4533 M
515 4486 546 4534 25
560 4485 662 4552 (quod)
675 4499 739 4535 cum
753 4483 785 4534 Μ
