3488 5108
298 408 332 454 VI

389 567 612 645 312,103166
636 567 779 646 passione
808 567 980 645 subiicitur,
1005 588 1082 644 quae
1110 575 1158 629 est
1184 569 1308 647 propria
1336 589 1448 630 aarum

299 689 376 746 quae
394 675 637 747 corrumpuntur.
659 669 697 726 Β.

387 769 525 845 312,14.
551 766 666 826 Omnes
686 767 767 826 enim
788 765 904 827 formae
935 767 1125 843 materiales,
1152 787 1229 844 quae
1252 767 1283 826 in
1308 767 1439 845 quadam

299 863 542 947 compositione¹
565 867 751 942 consistunt,
775 874 882 945 utpote
909 867 1077 944 composito
1104 865 1287 943 adveniunt,
1310 887 1438 944 quorum

299 968 471 1028 subiectum
492 987 554 1027 non
575 974 622 1026 est
644 966 743 1044 prima
763 965 893 1024 materia
913 985 1020 1043 puram
1041 964 1159 1026 habens
1181 966 1364 1045 potentiam,
1383 966 1438 1026 sed

297 1068 359 1127 iarn
379 1065 497 1143 aliquid
511 1072 581 1125 actu
596 1065 743 1125 existens,
755 1099 795 1109 ·-
808 1065 845 1123 17
863 1063 983 1143 Speciei
1001 1065 1033 1124 in
1054 1065 1187 1143 speciem
1205 1063 1443 1143 trasmigrans,²

297 1174 333 1225 ut
349 1165 458 1243 chylus
476 1166 507 1224 in
525 1163 714 1241 sanguinem.
726 1197 766 1208 -
777 1163 816 1222 25
834 1161 961 1234 Quando
984 1183 1021 1224 ex
1037 1163 1160 1224 homine
1176 1159 1239 1244 (fit)
1256 1163 1396 1241 cadaver,
1412 1171 1443 1225 et

298 1284 354 1343 per
365 1281 556 1339 consequens
567 1262 782 1323 transmutatio
793 1260 845 1344 <ex
856 1263 974 1340 specie)
988 1263 1018 1321 in
1030 1258 1189 1340 speciem,³
1200 1261 1323 1339 quidam
1334 1269 1444 1341 putant

297 1383 358 1423 non
380 1362 447 1422 fieri
468 1360 688 1421 resolutionem
707 1362 738 1420 in
756 1362 915 1423 materiam
934 1360 1076 1438 primam,
1096 1360 1153 1420 sed
1170 1368 1368 1438 permanente
1383 1380 1445 1421 cor-

296 1461 381 1539 poris
402 1459 502 1519 forma
523 1465 554 1520 61
575 1459 745 1534 quantitate
767 1459 906 1519 succedit
927 1458 1059 1519 cadaver
1086 1479 1156 1519 esse
1186 1478 1279 1537 super
1307 1459 1445 1520 substan-

296 1560 370 1618 tiam
392 1559 546 1618 materiae.
570 1556 763 1617 Contrarium
784 1577 891 1618 verum
913 1566 981 1632 est,
1004 1557 1079 1617 licet
1099 1558 1131 1616 in
1154 1558 1293 1634 instanti,
1324 1558 1356 1617 in
1376 1559 1444 1618 ulti·

198 1709 202 1715 .
296 1679 376 1719 mam
398 1667 501 1719 tamen
524 1658 588 1718 fieri
606 1660 781 1734 materiam;
804 1656 921 1718 formae
944 1657 1024 1717 enim
1047 1657 1254 1718 accidentales
1276 1664 1443 1734 sequuntur

296 1757 543 1832 substantialem,
572 1756 793 1832 dimensiones,
823 1756 987 1832 qualitates
1018 1763 1075 1816 etc.
1109 1755 1195 1826 Quae
1221 1763 1292 1816 sunt
1317 1755 1348 1815 in
1374 1756 1442 1834 ipso

296 1855 446 1931 subiecto,
461 1855 563 1933 specie
585 1853 732 1915 differunt
755 1856 794 1914 ab
816 1854 876 1930 his,
900 1854 1039 1930 quamvis
1061 1853 1236 1925 simillimis,
1258 1872 1336 1930 quae
1354 1858 1441 1912 erant

296 1953 328 2011 in
344 1952 556 2031 praecedente.
570 1952 639 2011 Non
655 1952 735 2012 circa
752 1953 909 2012 materiam
927 1951 1103 2012 immediate
1122 1950 1289 2011 succedunt
1304 1950 1440 2011 accidan-

295 2051 340 2111 tia
353 2049 483 2128 formae,
502 2049 557 2110 sed
574 2047 707 2129 (circat)
728 2049 844 2110 formas
866 2050 1096 2126 substantiales,
1115 2070 1192 2126 quae
1213 2048 1440 2110 intermediant.

298 2148 385 2209 Oiroa
403 2148 561 2208 materiam
579 2167 640 2208 non
655 2147 822 2208 succedunt
838 2147 1020 2225 accidentia,
1039 2146 1094 2208 sed
1116 2147 1233 2207 formae
1256 2149 1441 2209 substantia·

297 2247 355 2325 les,
372 2244 451 2307 sicut
466 2247 498 2305 in
511 2246 686 2324 receptione
704 2245 902 2333 humanitatis
916 2245 1015 2305 forma
1033 2246 1256 2306 substantialis.
1275 2249 1305 2305 Β

388 2345 459 2420 316,
488 2344 506 2402 3
534 2341 612 2414 Quia
632 2343 819 2404 Aristoteles
840 2344 871 2402 in
892 2344 1040 2421 principio
1069 2343 1092 2402 Ι.
1121 2344 1191 2402 libri
1216 2345 1379 2423 proposuit
1402 2344 1440 2404 de

298 2441 471 2520 principiis,
489 2441 590 2501 causis
608 2449 639 2501 et
655 2442 831 2519 elementis,
849 2449 880 2500 et
898 2442 1019 2519 peregit
1037 2442 1231 2519 insuperiori
1247 2442 1326 2502 libro
1340 2442 1378 2503 de
1391 2443 1439 2503 his

299 2559 376 2616 quae
393 2538 508 2599 habent
524 2539 674 2599 rationem
690 2540 831 2618 principii
847 2547 879 2600 et
897 2540 1050 2599 elementi.
1069 2541 1099 2597 Β

389 2639 464 2714 317,
482 2639 521 2696 25
538 2659 566 2697 o.
584 2639 615 2696 ta
633 2644 742 2697 uestra
758 2646 840 2698 neta.

389 2738 460 2811 318,
481 2739 501 2795 4
516 2734 665 2796 Naturale
682 2743 730 2795 est
746 2736 948 2814 compositum
965 2757 1003 2797 ex
1020 2738 1148 2798 materia
1165 2745 1196 2798 et
1212 2736 1323 2797 forma.
1340 2736 1404 2797 ΒΟ

393 2835 464 2909 320,
486 2834 522 2893 19
540 2834 717 2894 Abstractio
735 2842 860 2894 nonest
877 2855 894 2894 a
911 2836 1039 2896 materia
1050 2836 1232 2914 simpliciter
1247 2834 1442 2915 (simpliciter

299 2934 462 2994 amatoria
481 2942 627 3009 trcspoae
648 2933 702 3012 0),
721 2932 776 2993 sed
793 2955 811 2992 a
828 2934 956 2994 materia
973 2934 1160 3012 particulari.
1183 2933 1245 2994 ΒΟ

390 3033 461 3108 322,
480 3033 516 3091 19
535 3030 679 3091 Essentia
699 3030 877 3109 dupliciter:
893 3052 952 3108 qua
966 3032 1081 3108 aliquid
1098 3039 1147 3092 est
1162 3032 1288 3111 physice
1306 3052 1362 3092 seu
1378 3052 1442 3091 rea·

301 3130 385 3207 liter,
401 3137 550 3205 quatenus
572 3137 620 3190 est
637 3129 768 3206 aliquid3
786 3138 818 3190 et
834 3129 933 3206 logice
952 3150 1006 3190 seu
1020 3130 1269 3191 intentionaliter.
1286 3130 1350 3191 BG

388 3229 460 3303 324,
479 3229 518 3286 23
535 3247 579 3304 sq.
600 3249 626 3287 a.
644 3231 676 3287 ta
694 3237 801 3289 nostra
816 3237 899 3290 aotc.

389 3327 461 3402 325,
482 3327 518 3384 16
538 3325 586 3386 De
607 3326 789 3387 animalibus
817 3335 849 3388 61
875 3328 974 3389 brutis
1001 3348 1062 3389 non
1088 3328 1200 3388 dicitur
1225 3326 1361 3404 fortuna,
1385 3327 1441 3387 sed

300 3443 398 3484 casus.
413 3425 444 3481 Β

389 3521 498 3597 327,3
525 3520 575 3580 Ita
601 3530 816 3582 successerunt
843 3524 882 3602 (2)
903 3524 982 3583 bene
1010 3544 1061 3584 res
1087 3543 1123 3583 ac
1151 3524 1178 3584 si
1205 3532 1310 3584 essent
1338 3522 1439 3584 factae

299 3625 426 3697 propter
442 3619 534 3678 istam
551 3638 681 3679 causam.
698 3622 728 3678 Β

388 3719 460 3795 331,
472 3718 511 3776 24
525 3716 603 3787 Quia
620 3717 783 3778 Aristoteli
799 3717 858 3778 hoc
875 3727 923 3779 est
937 3763 1014 3780 ......
1034 3726 1166 3780 tractare
1183 3726 1285 3780 tamen
1302 3719 1340 3780 de
1356 3720 1439 3780 finali

297 3816 392 3893 igitur
408 3836 468 3876 non
486 3823 533 3876 est
551 3815 637 3875 locus
654 3815 703 3875 hic
711 3862 802 3877 .......
821 3816 982 3878 deforma.
1003 3819 1033 3875 Β

387 3914 461 3988 343,
480 3915 498 3973 3
516 3935 543 3974 v.
562 3917 593 3974 tc
610 3923 718 3975 nostra
734 3922 817 3976 noto.

392 4216 400 4250 ¹
416 4214 477 4264 cod.
493 4215 682 4282 comparatorem
700 4216 736 4266 cf.
751 4216 863 4282 ‘Lamp
879 4217 945 4281 trig.
959 4218 1043 4266 stnt'
1058 4231 1084 4281 p.
1099 4216 1143 4281 36,
1153 4218 1235 4268 2321.

390 4295 505 4346 ²Forse
526 4295 747 4362 tranemiprctio;
766 4297 802 4347 cf.
826 4298 936 4363 ‘Lamp
961 4299 1028 4362 trig.
1055 4300 1138 4348 stat.'
1161 4313 1188 4363 p.
1215 4298 1377 4362 26‚12-2t,
1394 4300 1439 4363 14,

298 4374 390 4426 dende
404 4375 503 4426 darive
513 4377 604 4426 anche
618 4376 646 4426 la
660 4383 799 4439 seguenta
815 4378 1006 4430 annotazione
1022 4381 1049 4446 (a
1060 4393 1086 4446 p.
1102 4380 1226 4445 312,25).

390 4457 401 4490 ³
416 4453 605 4506 transmutatio
619 4456 648 4508 a'n
662 4455 759 4523 species
771 4459 832 4509 cod.
