3488 5108
293 378 332 436 46
736 391 876 439 manum
898 392 1000 438 aavm

382 545 441 612 VI.
461 545 679 632 Imaginatur
701 546 846 633 sphaera
876 547 983 613 oculis
1011 549 1114 636 plena
1144 555 1234 634 tota,
1264 550 1360 635 quia,
1391 559 1431 615 ut

293 670 379 736 dicit
410 670 585 759 Orpheus,
621 672 751 758 ubique
781 678 832 738 est
864 672 1003 756 oculus,
1034 673 1163 759 ubique
1197 673 1309 757 videt,
1343 674 1433 741 sicut

292 797 422 882 ubique
440 803 617 884 operatur,
638 796 720 882 quia
739 818 840 887 omne
859 819 920 863 ens
936 803 989 863 est
1007 819 1092 886 opus
1110 799 1378 886 intelligentiae,
1398 806 1433 863 et

293 942 393 987 omne
414 921 418 1010 Ι
439 921 532 1008 quod
551 930 603 988 est
621 921 698 989 ideo
718 931 771 989 est
786 922 868 1009 quia
885 923 1105 1011 intelligitur.
1459 922 1569 986 118v

248 1047 270 1112 5
381 1047 458 1113 VII.
479 1047 617 1113 Dicitur
636 1047 784 1114 circulus
803 1053 839 1113 et
856 1047 1002 1136 sphaera
1025 1049 1180 1116 omnium
1199 1048 1434 1133 mobilissima,

293 1173 375 1258 quia
393 1171 551 1260 procedit
579 1172 624 1239 ad
642 1173 759 1240 omnia
777 1181 812 1239 et
839 1174 949 1240 estin
973 1174 1148 1258 omnibus;
1169 1175 1219 1240 ita
1244 1184 1359 1242 autem
1383 1182 1435 1240 est

292 1296 429 1382 ubique,
443 1318 483 1363 eo
498 1293 561 1388 (se)
573 1297 738 1364 diffundit
754 1297 917 1384 undique,
931 1308 971 1364 ut
982 1300 1111 1386 ubique
1127 1322 1261 1388 semper
1276 1301 1332 1383 sit,
1345 1299 1436 1366 adsit

292 1429 327 1488 et
349 1444 520 1509 nusquam
551 1423 752 1490 absentetur
779 1424 973 1510 abaliquo.
998 1425 1099 1492 Unde
1118 1425 1191 1492 eius
1220 1431 1334 1492 motus
1358 1447 1436 1492 cum

294 1570 428 1614 summa
448 1547 563 1634 quiete
594 1548 784 1615 coincidere
804 1549 1030 1637 intelligitur,
1055 1557 1090 1615 et
1120 1550 1196 1617 ideo
1220 1550 1348 1617 dicitur
1365 1573 1436 1617 mo·

228 1681 271 1744 10
293 1672 461 1739 bilissima
493 1675 648 1740 omnium
678 1674 759 1759 quia
783 1680 836 1741 est
859 1675 1099 1756 stabilissima,
1123 1683 1158 1740 et
1181 1675 1257 1742 ideo
1286 1675 1435 1742 stabilis-

293 1801 379 1866 sima
400 1800 481 1886 quia
505 1807 557 1867 est
581 1799 820 1881 mobilissima;
846 1800 937 1886 quod
968 1802 1061 1866 enim
1088 1801 1226 1867 infinita
1254 1802 1437 1867 velocitate

293 1932 451 1990 movetur
474 1925 512 1990 in
535 1924 702 1991 circulum
732 1925 884 2012 undique
915 1926 1016 1992 simul
1045 1927 1186 1993 recessit
1214 1934 1249 1992 et
1278 1925 1437 2010 accessit,

294 2051 447 2137 undique
466 2050 568 2117 simul
592 2057 749 2116 movetur
768 2058 803 2117 et
822 2052 925 2118 simul
944 2053 1072 2138 ubique
1091 2059 1216 2119 manet.
1237 2053 1347 2138 Atqui
1365 2074 1435 2118 non

291 2186 474 2267 propterea
492 2178 574 2243 lieet
597 2176 693 2242 illam
716 2177 927 2244 immobilem
951 2179 1038 2245 citra
1062 2187 1194 2247 motum
1225 2178 1434 2265 intelligere,

230 2312 270 2377 15
292 2327 336 2370 ne
355 2302 445 2371 forte
463 2304 507 2369 ab
527 2302 725 2391 operatione
744 2303 939 2370 absolutam
957 2305 1203 2391 intelligamus.

383 2429 479 2495 VIII.
508 2430 572 2495 Est
601 2429 661 2494 lux
692 2428 902 2516 complicans
934 2451 1070 2495 omnem
1105 2430 1233 2511 lucem;
1271 2429 1435 2516 quicquid

294 2555 386 2621 enim
417 2554 586 2640 intelligit
620 2553 681 2619 illo
711 2553 893 2640 intelligit,
924 2555 1013 2621 sicut
1041 2555 1206 2641 quioquid
1237 2556 1329 2622 lucet
1358 2556 1433 2621 luce

293 2681 556 2765 lucet,et01nne
572 2679 664 2765 quod
682 2679 775 2745 lucet
790 2679 829 2745 in
844 2681 920 2746 luce
935 2687 1001 2762 est,
1018 2681 1069 2746 ita
1086 2679 1251 2766 quicquid
1267 2680 1435 2767 intelligit

293 2806 330 2870 in
353 2805 428 2893 ipso
454 2804 635 2891 intelligit,
660 2812 695 2870 et
722 2812 904 2892 propterea
923 2806 996 2893 ipse
1013 2829 1095 2872 vera
1114 2812 1166 2872 est
1185 2806 1245 2871 lux
1269 2804 1432 2871 imiversi.

227 2937 271 3002 20
382 2931 445 2995 IX.
466 2931 562 2996 Idem
582 2938 634 2996 est
651 2929 730 2996 fons
746 2931 855 3014 vitae,
871 2931 976 2996 immo
993 2931 1066 2996 vita
1081 2931 1234 2997 omnium
1244 2955 1251 3012 ;
1268 2931 1434 3017 quicquid

293 3055 386 3120 enim
405 3063 456 3121 est
479 3055 555 3121 ideo
576 3062 627 3121 est
651 3062 690 3121 ut
713 3055 751 3120 in
770 3055 923 3121 ordinem
950 3063 1133 3122 concurrat
1155 3056 1323 3140 universi,
1343 3055 1434 3122 ordi-

293 3202 373 3245 nem
391 3201 473 3245 vero
498 3179 651 3246 universi
671 3188 807 3246 caussa-t
830 3181 890 3266 qui
910 3180 1065 3247 ordinem
1088 3182 1187 3247 illum
1207 3181 1374 3268 intelligit
1399 3190 1433 3247 et

293 3304 413 3371 dictat.
433 3305 501 3371 Hic
520 3314 635 3372 autem
655 3313 707 3371 est
725 3307 857 3393 primus
877 3307 1087 3390 intellectus,
1104 3307 1164 3392 qui
1184 3330 1260 3373 cum
1285 3329 1325 3372 eo
1343 3307 1434 3392 quod

291 3426 381 3521 (dat)
401 3438 435 3496 et
454 3430 608 3517 disponit
627 3431 797 3515 ordinem,
818 3431 997 3498 distribuit
1017 3455 1088 3498 esse
1107 3441 1210 3519 atque
1229 3433 1352 3516 vitam,
1370 3440 1434 3497 est·

227 3572 269 3634 ‘25
294 3578 361 3642 que
380 3555 609 3622 essentialiter
628 3557 711 3623 vita.

382 3681 428 3745 X.
448 3680 559 3766 Finge
589 3680 656 3746 tibi
686 3680 865 3769 sphaeram
890 3705 950 3748 seu
967 3682 1109 3768 globum
1134 3682 1287 3767 undique
1318 3706 1433 3770 specu-

293 3808 414 3890 larem,
436 3807 494 3891 qui
518 3807 568 3873 ita
586 3808 632 3873 sit
651 3808 688 3872 in
702 3830 815 3873 rerum
832 3807 958 3891 medio,
978 3815 1018 3872 ut
1036 3809 1086 3873 ita
1108 3808 1146 3873 in
1165 3830 1203 3873 eo
1223 3809 1434 3893 coniungan-

294 3939 351 3998 tur
370 3932 592 3998 circumcirca
611 3956 727 3999 omnes
746 3955 861 3999 rerum
877 3933 1007 3999 formae
1025 3941 1059 3999 et
1078 3932 1217 4021 figurae,
1239 3941 1279 4000 ut
1298 3933 1436 4000 eaedem

386 4210 400 4258 7
418 4224 451 4258 co
471 4211 556 4274 (seper
572 4225 625 4257 urio
642 4208 734 4272 spazic
750 4208 780 4258 di
797 4208 847 4258 due
860 4227 875 4259 ο
889 4210 919 4260 al
930 4210 982 4274 piu
998 4217 1038 4260 lre
1051 4211 1149 4276 utare)
1162 4212 1300 4262 diffundit
1316 4214 1353 4262 A:
1372 4228 1435 4264 esse

296 4288 417 4338 diffundi
429 4288 461 4337 M
506 4288 806 4356 undiquelnbiquetll
856 4291 933 4341 adsit
949 4290 1110 4342 M:absitA
1158 4293 1189 4343 13
1201 4295 1434 4344 manetcorr.A:

297 4368 472 4418 moveamur
534 4370 563 4418 ‘24
583 4370 631 4418 dat
647 4368 691 4417 M:
711 4385 760 4418 om.
778 4368 808 4418 iu
826 4370 924 4420 lacuna
941 4372 979 4420 A:
991 4372 1069 4434 soree
1086 4373 1177 4424 dictat
1239 4374 1320 4425 2622?
1337 4389 1436 4440 specu-

292 4451 395 4500 lareA
461 4450 822 4508 21(0mniu1n>rerumM
883 4453 1058 4504 280mnium
1070 4453 1102 4503 M
1163 4455 1349 4522 eadem(?)A
