3488 5108
764 418 890 463 'illusus
911 418 956 463 DE
977 418 1090 463 mutila.

886 697 962 762 XL.

444 929 524 994 Non
556 929 666 994 solum
690 951 818 1015 genera
843 929 1091 995 incantationis
1124 929 1288 1018 physicae
1311 938 1345 996 ct
1370 929 1498 996 mathe-

355 1055 514 1140 maticae,
540 1054 599 1120 sed
622 1055 727 1120 etiam
751 1055 895 1142 logicae,
915 1056 1107 1143 potentiam
1131 1055 1261 1122 habent
1284 1056 1328 1124 ad
1350 1056 1500 1122 vincien-

357 1179 439 1247 dum
461 1181 815 1269 corpu8,nons01um
837 1181 1008 1270 spiritum.

311 1367 332 1431 5
448 1376 542 1434 Patet
558 1375 589 1434 in
607 1374 826 1449 incantatione,
847 1393 923 1450 quae
941 1381 989 1434 est
1006 1395 1061 1452 per·
1077 1382 1173 1434 artem
1197 1374 1396 1453 rhetoricam,
1421 1396 1499 1452 quae

357 1482 453 1542 vincit
471 1481 588 1542 animos
617 1502 673 1560 per
689 1503 722 1543 se
751 1482 847 1559 primo
876 1490 907 1542 et
924 1482 1111 1558 immediate,
1134 1482 1230 1543 vineit
1251 1485 1344 1544 etiam
1371 1503 1501 1562 corpora

356 1586 489 1647 mediate
506 1598 537 1645 et
554 1595 784 1662 cousequenter,
803 1589 882 1648 sicut
899 1608 936 1648 ex
949 1589 1001 1665 ira,
1017 1589 1241 1666 indignatione,
1262 1589 1369 1649 timore
1382 1599 1413 1650 et
1430 1590 1499 1650 aliis

356 1692 527 1753 huiusmodi
543 1692 720 1770 affectibus,
739 1695 790 1770 qui
808 1696 887 1756 sicut
904 1696 1019 1774 proprii
1039 1697 1214 1756 viventibus
1230 1704 1356 1774 propter
1371 1696 1500 1758 animam

358 1801 397 1861 ad
422 1802 588 1880 perniciem
614 1823 710 1880 usque
736 1806 872 1884 corporis
895 1805 1093 1865 invalescunt.
1116 1804 1246 1864 Vincula
1266 1825 1338 1865 vero
1364 1807 1500 1885 eorporis

294 1908 336 1972 10
357 1910 556 1988 intelligimus
575 1932 662 1972 omne
684 1934 795 1990 genus,
815 1933 873 1989 quo
895 1915 994 1992 ipeum
1012 1925 1096 1973 certa
1118 1911 1280 1972 affectuum
1300 1914 1441 1992 passione
1458 1914 1502 1973 ita

359 2018 520 2095 obligatur,
540 2030 572 2078 ut
590 2019 691 2096 aliqua
709 2021 774 2080 eius
791 2021 872 2080 act-io
888 2020 1028 2080 laedatur
1044 2040 1098 2080 seu
1114 2019 1309 2098 impediatur,
1329 2020 1385 2079 boc
1401 2028 1502 2079 autern

360 2136 408 2184 est
425 2125 601 2187 devinctum
620 2147 703 2202 esae;
726 2127 806 2186 unde
827 2128 1050 2204 aegritudinem
1067 2127 1210 2187 inducere
1228 2136 1277 2185 eet
1298 2127 1406 2203 ligare,
1421 2146 1504 2186 cura·

360 2232 475 2292 tionem
492 2252 580 2309 vero,
600 2235 734 2310 solvere;
752 2234 831 2296 uude
849 2236 926 2295 etin
948 2235 1060 2312 vulgus
1077 2234 1185 2296 modus
1203 2234 1345 2310 loquendi
1363 2234 1503 2307 inolevit,

360 2347 393 2398 ut
413 2338 559 2401 'dicantur
579 2343 676 2401 curati
697 2343 804 2419 soluti,
831 2343 951 2403 liberati
977 2343 1015 2402 ab
1042 2342 1230 2417 infirmitate,
1250 2341 1330 2418 quod
1351 2341 1505 2417 significat

296 2443 338 2506 lt')
362 2465 431 2507 esee
449 2457 535 2509 extra
552 2449 673 2508 vincula
688 2450 799 2527 quibus
817 2450 1039 2511 detinebantur.

884 2701 978 2765 XLI.

456 2914 576 2979 Visum
599 2917 703 2981 etiam
723 2917 853 2980 vincire
873 2938 931 2981 seu
950 2938 1011 3002 per
1030 2915 1141 2980 visum
1160 2915 1321 3002 spiritum
1341 2915 1503 3000 obligari,

362 3039 548 3121 inculcari,
578 3043 717 3107 alterari
746 3049 780 3106 et
804 3051 1053 3126 cousequenter
1083 3043 1237 3128 corporis
1265 3051 1299 3106 et
1324 3041 1505 3129 compositi

364 3165 472 3231 totius
492 3167 751 3232 immutationes
779 3166 950 3231 notabiles
978 3167 1175 3252 ingenerari
1199 3191 1268 3232 uon
1290 3166 1504 3250 dubitamus,

295 3292 340 3353 ‘20
364 3312 474 3375 neque
491 3290 628 3377 sapiens
647 3291 818 3378 quispiam
836 3291 995 3358 dubitare
1016 3292 1126 3357 debet.

454 3489 608 3548 Probatur
624 3508 680 3566 per
695 3489 834 3567 exempla
852 3488 978 3549 articulo
994 3489 1168 3567 -11‘1allata,
1184 3499 1215 3550 et
1230 3490 1305 3551 sutis
1320 3500 1506 3568 cunipertum

1523 701 1613 764 84v
1627 698 1663 764 Ο

366 3608 413 3656 est
428 3607 461 3656 ut
475 3597 623 3673 quaedam
641 3597 761 3674 species
776 3596 915 3657 visibiles
934 3596 1098 3675 horrorem,
1115 3598 1381 3674 abominationem,
1396 3597 1506 3674 odium,
1591 3602 1594 3607 “

366 3725 512 3781 amorem,
545 3706 707 3775 laetitiam,
736 3704 918 3765 imteetitiam
947 3715 978 3763 e't
1006 3705 1244 3780 indignationem
1277 3727 1344 3765 cum
1373 3705 1507 3765 universi

374 3813 507 3873 videntis
529 3815 711 3873 alteratione
728 3821 947 3873 commoveant.
973 3814 1126 3873 Alteratio
1152 3815 1246 3890 igitur
1262 3814 1290 3872 in
1321 3833 1430 3890 corpus
1454 3833 1503 3873 aa·

462 4074 473 4120 1
492 4070 565 4136 XL]
578 4089 626 4121 υιιι.
641 4088 656 4119 o
670 4069 774 4120 stauilo
786 4069 818 4120 M
878 4070 929 4118 23
945 4067 1063 4133 physice
1082 4075 1111 4118 et
1128 4067 1328 4118 nretlremuticd
1343 4068 1508 4129 (arathema-

368 4152 442 4203 tieab
463 4154 521 4216 M),
545 4153 698 4202 sedetiam
719 4148 811 4213 logice
837 4151 858 4202 0
919 4151 968 4199 bd
984 4148 1168 4198 vinciendum
1188 4149 1321 4214 spiritum
1342 4163 1446 4213 corpus
1465 4147 1494 4198 tt
1502 4156 1507 4183 ¹

370 4236 386 4282 8
404 4233 588 4283 effectibuso
650 4234 734 4291 sicut]
750 4238 819 4281 suut
835 4231 887 4280 cu!
898 4247 903 4290 ;
919 4228 988 4278 iudi
996 4229 1039 4279 del
1049 4235 1118 4279 reate
1132 4227 1233 4293 dquaai
1242 4228 1402 4293 irrepossibile
1416 4227 1509 4278 ‹liutiu-

365 4329 445 4379 parre
460 4321 530 4364 aunt
544 4313 578 4363 da
594 4316 694 4364 sioute
710 4314 841 4363 uit-ereren
905 4315 933 4361 ll
949 4319 1008 4370 seu]
1026 4310 1069 4360 vel
1085 4330 1101 4359 a
1116 4329 1132 4359 a
1149 4326 1199 4360 seu
1214 4311 1257 4360 Μ1
1321 4309 1475 4375 impeditur
1491 4310 1512 4361 C

373 4395 402 4444 13
419 4395 558 4444 indolevit
575 4395 626 4445 Ol!
689 4391 1006 4444 l-lcuratidicauturO
1069 4391 1361 4442 lenocinabuntur
1423 4393 1510 4441 22νί-

368 4476 465 4526 sibiles
478 4477 603 4542 appendo
619 4474 646 4525 in
659 4492 744 4542 ruurp.
757 4475 787 4524 M
848 4474 880 4522 ‘23
896 4472 1037 4524 laeticiam
1054 4478 1075 4525 (J
