3488 5108
671 424 800 470 usuris
820 424 982 471 nmmum
1002 424 1208 471 srurvuuvu.
1450 412 1509 474 23¹1

367 604 507 670 prorsus
525 592 561 648 et
579 584 720 650 omnino
739 584 785 649 sit
804 606 857 650 res
877 585 1132 671 cognoscibilia,
1151 608 1197 652 an
1226 585 1440 671 nullatenus,
1461 610 1506 654 an

367 708 631 798 quodammod0;
659 720 694 777 et
724 711 780 777 hic
808 712 979 797 quomodo
1008 719 1237 800 cognoscatur
1264 723 1299 781 et
1335 716 1506 801 quomodo

366 838 482 905 lateat.
503 839 657 906 Subinde
675 839 774 905 iuxta
792 839 977 905 secundam
996 839 1267 926 distinctionem,
1288 864 1333 907 an
1353 843 1508 929 cognitio

368 966 425 1032 illa
445 966 491 1032 sit
509 966 647 1054 proprie
667 965 773 1046 dicta,
797 967 851 1031 vel
876 965 1121 1049 communiter,
1140 965 1195 1032 vel
1214 967 1412 1056 improprie.
1430 968 1509 1034 Τετ-

322 1094 428 1177 btio,
452 1116 497 1159 au
521 1116 563 1158 ex
581 1093 704 1161 habitu
727 1092 820 1159 illius
844 1092 1055 1180 cognitionis
1077 1091 1246 1160 habeatur
1269 1093 1414 1162 scientia
1438 1116 1508 1162 non

366 1220 476 1285 solum
498 1241 581 1284 vera
604 1219 662 1284 sed
686 1226 792 1300 certa,
813 1240 857 1283 an
881 1240 962 1284 vera
992 1223 1143 1301 tautum,
1175 1238 1219 1283 an
1249 1240 1419 1308 apparens
1448 1244 1508 1289 seu

366 1345 562 1434 sophistica.
582 1344 751 1412 Similiter
768 1343 983 1433 procedendo
1002 1367 1064 1432 per
1082 1344 1247 1412 ulteriora
1266 1347 1428 1414 membre.

454 1470 554 1550 Quod
573 1492 654 1537 vero
673 1471 717 1538 ad
737 1470 898 1537 ultimum
929 1469 1118 1557 Gigantem
1146 1477 1293 1560 spectat,
1324 1470 1426 1539 facile
1456 1482 1509 1541 est

366 1600 578 1688 distinguere
597 1600 639 1667 de
658 1600 711 1667 his
731 1620 818 1684 quae
837 1599 1016 1683 dicuntur,
1037 1607 1208 1686 quatenus
1227 1599 1404 1686 dicuntur,
1424 1623 1507 1690 quo·

301 1729 344 1792 10
366 1725 466 1791 modo
484 1725 656 1808 dicantur;
677 1726 706 1789 si
725 1723 887 1791 videlicet
906 1722 1083 1812 complexe
1107 1747 1152 1790 an
1175 1724 1404 1814 incomplexe,
1424 1734 1458 1792 et
1477 1727 1506 1793 si

366 1851 553 1939 complexe,
574 1873 618 1917 an
638 1853 749 1939 prima
767 1853 823 1918 vel
842 1851 991 1917 secunda
1009 1852 1254 1940 complexione.
1275 1853 1364 1920 Item
1380 1853 1409 1920 si
1426 1853 1507 1920 sim·

364 1977 518 2064 pliciter,
538 1976 602 2043 hoo
621 1985 672 2043 est
691 1977 879 2043 secundum
903 2000 1007 2044 unam
1031 1977 1335 2064 significationem,
1364 1979 1509 2067 duplici·

365 2111 418 2168 ter
436 2103 623 2169 secundum
641 2102 742 2187 duas,
762 2102 1003 2190 multipliciter
1019 2102 1206 2169 secundum
1231 2103 1360 2191 plures;
1382 2103 1411 2169 si
1431 2103 1507 2171 uni·

365 2228 544 2312 versalius,
568 2228 597 2293 si
621 2227 909 2311 convertibiliter,
933 2227 962 2294 si
985 2228 1242 2316 particularius,
1266 2228 1296 2295 si
1320 2228 1507 2315 aequivoce

301 2356 341 2420 15
364 2354 420 2419 vel
454 2352 740 2440 amphibologice,
764 2352 794 2417 si
818 2352 978 2436 univoce,
1002 2353 1032 2418 si
1062 2352 1255 2440 analogice;
1275 2359 1454 2440 praeterea
1477 2353 1506 2420 si

365 2481 626 2565 convenienter,
659 2479 953 2563 similitudinarie,
989 2479 1310 2567 proportionaliter;
1344 2479 1506 2547 similiter

364 2606 550 2674 secuudum
577 2606 661 2671 alias
689 2605 840 2671 rationes
869 2605 906 2671 in
937 2604 1052 2671 ultimi
1076 2604 1240 2692 Gigantis
1263 2604 1419 2673 articulis
1447 2629 1506 2673 no·

364 2733 456 2798 tatia.
476 2731 529 2796 Ex
548 2731 673 2818 quibus
697 2731 857 2798 omnibus
884 2729 1108 2797 consideratis
1137 2734 1306 2818 completa
1329 2730 1506 2799 videbitur

364 2857 468 2939 ratio,
489 2880 557 2943 qua
579 2856 621 2922 de
646 2859 734 2942 [quo]
755 2856 908 2924 subiecto
928 2878 1134 2943 quocunque
1159 2855 1329 2940 quidlibet
1359 2879 1438 2922 vere
1470 2863 1505 2921 ct

296 2988 342 3051 20
364 2983 449 3048 false
468 2982 633 3049 affirmari
652 2983 815 3070 negative
834 2984 953 3071 possit.

792 3251 1071 3327 EPILOGVS.

451 3495 488 3559 Si
512 3517 593 3580 ergo
617 3501 753 3581 praeter
783 3499 903 3558 notata
930 3491 1085 3558 subiecto
1112 3516 1182 3560 non
1212 3498 1264 3558 est
1292 3492 1504 3575 subiectum,

360 3630 497 3708 praeter
516 3627 635 3686 notata
655 3618 852 3707 praedicata
870 3640 941 3684 non
959 3625 1011 3684 est
1024 3618 1276 3705 praedicatum,
1292 3627 1429 3706 praeter
1444 3641 1504 3684 no-

361 3754 452 3812 tatos
483 3746 599 3811 modos
630 3768 699 3810 uon
727 3751 779 3810 est
811 3743 931 3810 modus
966 3745 1096 3827 (omnia
1120 3745 1212 3810 enim
1243 3750 1303 3811 aut
1321 3752 1401 3810 sunt
1421 3744 1505 3810 haec

294 3872 337 3934 25
362 3871 447 3958 ipsa,
469 3881 504 3938 et
523 3871 572 3936 ita
591 3893 652 3958 per
671 3893 706 3935 se
726 3877 807 3935 sunt
826 3869 1012 3953 declarata,
1033 3878 1094 3936 aut
1113 3877 1194 3936 sunt
1214 3870 1387 3937 contraria
1407 3869 1501 3956 ipsis,

456 4169 467 4216 1
487 4164 612 4232 omnino]
627 4157 674 4213 <iic
686 4177 757 4212 corr.
771 4161 807 4210 da
820 4151 867 4211 BE
879 4161 902 4209 A
968 4161 1015 4209 l.2
1029 4175 1065 4210 an
1083 4158 1305 4236 quodammode.
1327 4164 1356 4206 ct
1372 4157 1419 4208 hic
1432 4172 1501 4222 quo·

362 4248 443 4297 modo
459 4247 495 4296 A:
509 4261 545 4294 an
563 4244 717 4311 quomodo,
732 4248 761 4293 ct
778 4257 813 4292 an
829 4240 970 4308 quomodo
985 4241 1016 4290 M
1077 4241 1092 4289 4
1108 4238 1221 4290 innanzi
1236 4256 1253 4289 α
1271 4237 1362 4289 coiter
1380 4238 1504 4298 (zoom-

361 4327 496 4390 munitar)
515 4323 727 4375 caracellccoirl
792 4320 1145 4387 lsorseprccedondumt
1208 4321 1238 4369 12
1256 4320 1308 4369 hoc
1326 4317 1500 4377 estl÷AM

362 4410 399 4458 17.
411 4409 440 4457 18
457 4407 601 4457 denotatis
615 4404 658 4454 M:
671 4405 688 4455 l.
704 4407 820 4453 notatas
886 4403 915 4452 19
936 4403 969 4451 de
987 4417 1043 4467 quo
1067 4400 1197 4466 subjecto
1214 4413 1389 4466 quocunque
1405 4396 1443 4446 A:
1469 4395 1502 4446 do

361 4503 533 4556 quocunque
547 4486 676 4552 subjecto
690 4485 722 4534 d!
782 4486 810 4534 21
830 4501 880 4534 οηι.
896 4482 925 4532 ll
