3488 5108
705 419 749 463 nn
769 417 885 462 naara
905 414 1082 460 rarncrrns
1101 413 1175 459 aru.
1451 399 1508 458 551

366 579 493 646 vocari.
513 577 614 647 Unde
632 577 720 643 illud
739 572 966 662 Pythagorici
982 576 1104 661 poetae
1122 571 1164 636 de
1183 570 1336 639 inferno:
1359 571 1510 638 median-

365 706 460 772 tibus
479 704 623 771 Lethaei
643 703 799 770 fluminis
818 701 968 789 epotatis
991 701 1093 768 undis
1117 722 1235 766 rursus
1255 700 1430 788 incipiunt
1448 722 1511 789 per

364 839 502 919 portam
521 852 682 896 corneam
700 827 839 917 prodire
858 827 900 892 de
919 827 1071 893 tenebris
1090 826 1134 892 ad
1156 827 1282 910 lucem,
1304 827 1429 913 quibus
1447 849 1510 915 per

364 965 503 1045 portam
522 956 710 1022 eburneam
729 954 773 1021 ad
791 953 928 1020 inferna
947 951 1059 1019 factus
1079 959 1131 1018 est
1149 953 1341 1040 ingressus:

319 1229 340 1293 5
523 1226 592 1286 Hos
609 1246 727 1298 ornnes,
744 1224 796 1284 ubi
812 1223 896 1284 mille
916 1232 1014 1283 rotam
1032 1223 1157 1285 volvere
1174 1241 1229 1302 per
1246 1242 1355 1298 annos,

526 1333 705 1412 Supremam
722 1331 762 1392 ad
779 1331 886 1393 sedem
904 1333 988 1393 Dens
1007 1339 1116 1393 evocat
1133 1331 1255 1409 agmine
1271 1351 1396 1407 magno,

522 1441 642 1500 Rursus
659 1448 693 1499 ut
710 1440 859 1519 incipiant
875 1441 906 1500 in
923 1459 1050 1518 corpora
1064 1440 1144 1501 velle
1161 1440 1287 1501 reverti.

452 1715 551 1782 Istud
569 1736 632 1802 pro
656 1713 706 1780 rei
731 1713 924 1800 capacitate
947 1713 984 1778 in
1014 1712 1238 1800 subsequenti
1262 1714 1375 1801 figura
1399 1713 1508 1802 aperi-

362 1864 453 1926 mus,
472 1841 509 1906 in
530 1862 597 1926 qua
616 1861 677 1905 suo
706 1838 827 1905 ordine
850 1839 1069 1926 planetarum
1098 1839 1188 1904 circa
1211 1838 1370 1906 fortunas
1393 1839 1508 1906 distri-

297 1960 340 2024 10
363 1965 515 2031 buendas
528 1965 610 2030 ordo
625 1965 834 2044 insinuatur,
849 1963 886 2029 in
902 1963 998 2030 euius
1012 1963 1132 2030 circuli
1144 1964 1340 2052 peripheria
1354 1966 1507 2052 quinque

362 2090 579 2178 planetarum
592 2090 733 2155 nomina
750 2091 1001 2180 conltinentur²
1016 2111 1120 2175 quam
1131 2089 1325 2176 perambire
1337 2090 1503 2176 intelligi·
1529 2092 1619 2155 ὅθ’

362 2223 420 2282 tur
436 2237 498 2303 pro
515 2214 778 2300 significatione,
792 2237 895 2301 quam
908 2237 991 2302 prae
1005 2238 1041 2281 se
1053 2214 1137 2299 fert,
1149 2213 1204 2297 D*
1216 2215 1254 2280 in
1269 2215 1506 2282 vicissitudine

362 2346 397 2407 et
414 2341 580 2428 gradibus
599 2342 653 2407 sui
676 2340 900 2436 decrementi,
919 2339 1112 2426 augmenti,
1131 2339 1361 2428 plenitudinis
1380 2348 1415 2407 et
1433 2342 1506 2407 ina-

362 2466 497 2550 nitatis,
515 2489 602 2553 quae
618 2465 774 2532 ordinem
790 2464 951 2532 fortunae
966 2464 1168 2532 circularem
1183 2465 1355 2550 insinuat;
1373 2466 1410 2532 in
1430 2489 1506 2532 cen·

728 2580 774 2619 lum

298 2592 339 2656 15
361 2601 415 2659 tro
432 2613 513 2659 vero
530 2591 690 2678 ponimus
708 2591 727 2670 d
781 2644 788 2675 ‚
806 2591 867 2677 qui
880 2597 932 2657 est
948 2590 1064 2657 omnia
1080 2614 1158 2658 cum
1174 2592 1349 2676 omnibuS,
1368 2591 1504 2658 lucidus

362 2742 440 2784 cum
459 2717 597 2799 lucidis,
618 2717 729 2783 clarus
758 2740 835 2783 oum
867 2716 981 2800 claris,
1013 2718 1122 2783 bonus
1151 2740 1229 2784 cum
1253 2717 1368 2800 bonis,
1394 2718 1504 2785 malus

362 2865 439 2909 cum
455 2843 568 2927 malis,
586 2841 753 2909 virtutem
769 2864 899 2928 augens
915 2850 950 2907 et
967 2843 1149 2926 malitiam,
1162 2842 1322 2927 idemque
1337 2865 1410 2909 mas
1427 2868 1504 2910 oum

362 2967 526 3050 maribus,
542 2967 693 3034 foemina
708 2990 786 3033 oum
803 2966 972 3035 foeminis.
990 2967 1179 3034 Distinctio
1198 2967 1368 3034 bonitatis
1384 2977 1419 3035 et
1435 2992 1504 3034 ma-

361 3093 459 3160 litiae
481 3117 543 3181 per
566 3093 722 3181 singulos
751 3101 803 3160 est
826 3094 910 3160 satis
934 3092 1151 3160 considerata
1175 3093 1218 3159 ab
1245 3094 1440 3180 astrologis,
1471 3102 1505 3160 et

294 3218 339 3280 20
361 3219 546 3286 manifesta
576 3219 613 3284 in
644 3219 797 3286 moribus
825 3219 949 3284 horum
978 3219 1161 3284 numinum
1188 3242 1250 3306 per
1276 3218 1505 3285 indicationes

361 3345 572 3427 fabularum,
590 3344 680 3410 sicut
699 3344 773 3410 Iovi
798 3350 833 3410 at
856 3343 1012 3431 Apollini
1036 3344 1223 3431 promiscui
1243 3367 1388 3428 amurca,
1410 3334 1505 3422 9⁰⁰¹¹¹⁴

361 3471 398 3535 in
421 3470 536 3537 varias
566 3469 694 3536 formas
718 3471 866 3535 mutatio
891 3478 926 3535 et
950 3470 1068 3537 variae
1096 3471 1269 3554 fortunae,
1300 3470 1504 3537 concubitus

362 3619 439 3661 cum
475 3589 554 3677 (sm,
589 3595 790 3681 coniugium
823 3617 902 3660 cum
937 3594 1083 3661 deformi
1115 3596 1271 3663 Vulcano
1302 3603 1337 3662 et
1365 3595 1502 3662 similia.

362 3720 486 3785 Omnia
509 3719 612 3806 plena
631 3725 712 3783 aunt
736 3719 992 3805 significatione
1016 3728 1050 3785 et
1074 3721 1227 3787 naturali
1250 3721 1400 3808 quadam
1424 3743 1502 3809 pro-

295 3842 338 3905 25
362 3844 471 3911 funda
490 3843 720 3932 philosophia.

454 4243 467 4290 1
484 4236 513 4289 ic
529 4255 614 4304 marp.
634 4239 734 4301 virgil.
752 4241 775 4290 6.
796 4240 914 4289 Aeneid.
934 4239 999 4300 (eice
1016 4256 1055 4289 vc.
1075 4241 1128 4289 893
1143 4243 1193 4305 sq.)
1211 4241 1244 4291 M
1304 4243 1320 4290 2
1335 4243 1454 4293 Laethai
1472 4244 1503 4295 M

360 4340 376 4368 a·
392 4340 407 4368 a
423 4339 439 4369 a
454 4338 470 4368 ss
485 4339 501 4367 a
516 4338 532 4367 a
547 4323 671 4385 epotatis
685 4320 717 4369 M
722 4323 728 4355 ¹
792 4321 807 4369 4
825 4325 870 4370 cst
884 4339 899 4368 a
915 4339 930 4368 s·
946 4320 978 4370 M
983 4323 989 4355 ¹
1054 4323 1103 4371 a?
1131 4321 1228 4388 Verpil.
1248 4323 1266 4372 l.
1286 4340 1308 4373 c.
1331 4326 1445 4388 rra-513
1463 4327 1499 4389 cf.

364 4405 433 4466 Opp.
452 4401 511 4451 ital.
526 4419 555 4463 p.
574 4404 634 4460 585,
645 4405 670 4450 5.
690 4402 795 4462 618,Βῦ
813 4402 892 4467 Lep„
911 4418 923 4450 o
940 4402 1023 4451 ancile
1041 4403 1081 4451 De
1098 4401 1208 4453 Μοπαιὶ.
1231 4420 1260 4468 p.
1284 4406 1346 4464 465,
1363 4406 1398 4454 24
1424 4406 1501 4456 Νέον.

365 4483 441 4548 (doce
455 4480 604 4548 par-iraenei
620 4483 692 4545 Hos,
707 4499 761 4532 non
774 4482 846 4546 Has)
911 4484 941 4532 18
956 4483 1081 4533 faemina
1095 4498 1159 4534 cum
1173 4483 1307 4535 faentinis
1317 4483 1350 4535 M
