3488 5108
298 413 336 472 52
734 425 874 471 roanruu
894 425 996 471 auum

296 590 349 651 est
367 583 518 650 efficacia
539 581 661 648 mundi
683 580 907 669 producendi,
933 581 1159 647 conservandi
1182 588 1216 646 et
1239 581 1433 668 reparandi.

296 710 351 775 Ita
375 730 457 796 ergo
480 730 516 774 se
538 706 643 772 habet
671 706 867 771 intellectus
894 705 1027 792 primus
1051 704 1094 770 ad
1123 713 1273 772 mentem
1297 707 1431 773 absolu-

295 842 381 917 tam,
407 833 497 900 sicut
519 832 663 898 verbum
687 830 731 897 ad
754 830 925 896 dicentem
949 852 969 895 a
991 853 1060 916 quo
1083 830 1251 918 procedit,
1276 840 1311 898 et
1334 833 1433 899 intel·

294 964 417 1050 ligitur
439 961 565 1028 habere
581 982 653 1026 esse
670 959 820 1025 medium
842 959 934 1023 inter
950 958 1065 1024 omnia
1088 958 1257 1045 producta
1273 966 1307 1025 et
1331 983 1434 1048 super

250 1095 271 1160 ὅ
295 1089 356 1155 illa
375 1088 490 1154 omnia
506 1094 540 1152 et
557 1087 648 1152 inter
663 1085 813 1173 primum
833 1084 1050 1169 efficientem,
1068 1084 1273 1170 efficientem
1291 1085 1435 1171 inquam

295 1214 392 1282 verbi
408 1218 579 1301 respectu,
595 1209 686 1297 quod
702 1212 775 1296 [est]
792 1208 942 1275 efficiens
962 1217 1014 1276 est
1028 1210 1175 1276 subinde
1193 1210 1435 1276 universorum

294 1346 468 1427 respectu,
487 1338 569 1403 licet
585 1335 770 1421 aequivoce
787 1334 922 1400 dicatur
939 1334 1084 1401 verbum
1104 1335 1296 1402 effectionis
1315 1336 1353 1401 in
1372 1336 1436 1401 hoo

293 1465 385 1532 etin
404 1464 484 1530 illis.

381 1590 497 1656 XXV.
517 1588 718 1655 Intellectus
734 1586 860 1652 dicitur
874 1594 1028 1653 centrum
1042 1585 1182 1653 secundi
1196 1586 1326 1668 mundi,
1339 1609 1436 1652 mun·
1461 1596 1571 1659 121v

230 1727 271 1790 10
293 1715 356 1783 dus
370 1717 502 1803 primus
520 1713 727 1802 archetypus
744 1712 878 1792 idealis,
891 1713 929 1777 in
945 1720 1020 1780 tota
1032 1713 1177 1801 sphaera
1198 1712 1324 1798 ubique
1340 1719 1434 1778 totus

295 1849 329 1906 et
348 1841 477 1926 ubique
501 1845 666 1905 centrum.

381 1964 515 2031 XXVI.
540 1964 583 2029 In
609 1965 685 2051 ipso
712 1962 908 2049 intelligere
936 1964 1017 2028 licet
1045 1963 1218 2049 duplicem
1243 1963 1432 2028 actionem:

293 2093 436 2158 alteram
460 2089 568 2156 veluti
591 2087 768 2173 reflexam,
790 2089 933 2154 alteram
952 2088 1061 2153 veluti
1081 2087 1262 2170 directam;
1284 2089 1433 2176 primam

293 2239 360 2303 qua
380 2216 610 2282 immanenter
633 2215 670 2279 in
694 2237 730 2280 se
749 2214 834 2301 ipse,
855 2213 1040 2279 secundam
1056 2235 1124 2299 qua
1147 2215 1257 2280 veluti
1276 2236 1433 2302 progres·

226 2349 268 2412 15
294 2343 366 2408 sive
389 2341 426 2406 in
449 2340 518 2406 alia
541 2340 718 2423 efferatum
743 2362 847 2426 quam
870 2362 952 2406 sane
975 2339 1239 2405 similitudinem
1264 2340 1371 2406 etiam
1394 2340 1433 2405 in

291 2475 408 2534 nostro
433 2467 661 2555 comperimus
684 2466 862 2533 intellectu
882 2475 917 2532 et
935 2467 1063 2549 anima,
1089 2469 1126 2532 in
1151 2490 1219 2553 qua
1243 2469 1433 2536 immanen-

291 2600 362 2659 tem
385 2592 516 2680 pariter
535 2600 570 2658 et
593 2599 830 2658 transeuntem
849 2591 1096 2678 distinguimus
1117 2594 1298 2661 actionem.

379 2720 534 2784 XXVII.
558 2718 681 2785 Mundi
700 2717 797 2784 faber
820 2718 1030 2803 intelligitur
1046 2719 1254 2786 intrinsecus
1274 2744 1380 2807 agens
1397 2729 1432 2788 et

290 2846 531 2929 fabrefaciens,
557 2853 591 2911 et
610 2846 835 2911 architectum
855 2845 1018 2910 ordinans
1037 2852 1072 2910 ct
1091 2868 1305 2913 consumans.

223 2981 268 3045 20
380 2974 551 3040 XXVIII.
576 2973 790 3058 Intelligitur
808 2994 909 3058 agere
928 2971 1002 3038 sine
1018 2976 1232 3040 successione
1251 2983 1285 3040 et
1304 2975 1434 3041 discur-

290 3123 343 3185 su,
363 3102 444 3187 quia
467 3099 570 3164 simul
590 3098 676 3164 facit
696 3098 811 3163 omnia
834 3105 869 3163 et
887 3098 991 3163 habet
1015 3099 1143 3184 omnia,
1170 3106 1204 3164 et
1227 3122 1297 3165 non
1321 3102 1430 3167 veluti

291 3224 564 3311 argumentando
588 3224 644 3289 vel
668 3223 889 3290 discurrendo
913 3225 1142 3312 apprehendit
1165 3232 1200 3290 et
1223 3249 1258 3291 se
1281 3225 1428 3312 ingerit,

288 3351 371 3416 licet
382 3351 419 3415 in
437 3349 642 3435 quibusdam
658 3349 965 3437 apprehensionem
981 3359 1016 3417 et
1028 3352 1219 3417 discursum
1235 3353 1385 3417 exsusoit
1408 3361 1430 3417 t.

379 3474 518 3539 XXIX.
543 3474 791 3540 intellectualis
814 3475 898 3540 haec
921 3476 974 3540 vis
998 3476 1036 3541 in
1055 3477 1215 3542 omnibus
1238 3477 1345 3542 insita
1366 3485 1430 3562 est,

223 3608 266 3671 25
290 3599 381 3667 unde
397 3601 435 3666 in
451 3600 610 3666 omnibus
625 3613 762 3688 praesto
778 3601 987 3688 cognitionis
1003 3602 1214 3688 principium
1234 3602 1432 3668 effectivum

292 3725 631 3810 sufficientissimum,
647 3748 667 3790 a
687 3726 782 3791 cuius
801 3726 933 3792 lumine
951 3726 1038 3792 nihil
1058 3736 1110 3793 est
1130 3728 1221 3814 quod
1238 3751 1272 3793 se
1292 3729 1431 3794 abscon·

291 3853 370 3918 dere
397 3860 524 3939 posset;
549 3876 620 3918 non
644 3860 760 3917 tamen
783 3860 966 3940 propterea
990 3855 1105 3919 omnia
1129 3854 1346 3940 intelligunt,
1373 3855 1432 3920 sed

291 3977 458 4062 quaedam
473 3978 547 4044 loco
565 3978 759 4044 intellectus
774 3979 904 4044 habent
918 3979 1154 4063 ratiocinium,
1173 3981 1341 4066 quaedam
1356 3981 1431 4047 loco

383 4242 399 4291 6
415 4241 484 4306 quid
502 4244 536 4291 A¹
600 4248 645 4292 est
667 4244 706 4306 (la
724 4241 817 4306 prima
837 4242 919 4306 eolla)
944 4259 992 4292 om.
1015 4242 1059 4306 M,
1078 4242 1141 4293 doec
1158 4244 1233 4308 quod
1251 4243 1372 4294 subinde
1388 4250 1432 4294 est

291 4322 414 4372 efficians
428 4325 560 4386 respectu
572 4323 774 4373 universorum
837 4324 987 4373 Vverbum
1005 4321 1045 4372 A:
1064 4325 1178 4373 nomine
1196 4323 1228 4372 111
1290 4327 1319 4374 14
1336 4326 1432 4375 imma·

290 4417 389 4452 nen...
413 4402 446 4450 rl¹
511 4403 570 4467 ipse
596 4403 637 4451 A:
661 4404 718 4452 isso
742 4402 773 4451 Μ
834 4406 864 4454 17
882 4405 1024 4454 actionem
1046 4404 1087 4454 A:
1111 4405 1381 4455 transmutationem
1402 4406 1433 4456 M

290 4483 320 4533 la
337 4482 535 4548 architectum]
550 4481 658 4533 eicAM
719 4482 749 4532 25
765 4491 880 4550 praesto
895 4484 1001 4543 (adest)
1013 4484 1045 4534 M
1105 4485 1136 4534 27
1152 4484 1408 4550 possitomrnduM
