3488 5108
616 433 746 479 rasuras
765 432 924 480 rarorum
946 432 1152 493 srarvanvu.
1397 419 1453 480 147
1541 440 1548 455 ·

315 589 446 655 duntur
464 595 595 674 tamen,
617 589 697 674 quia
715 590 770 655 vel
790 612 810 655 a
829 590 1043 678 sapientibus
1062 591 1117 655 vel
1134 590 1177 655 ab
1195 591 1317 656 horum
1337 592 1457 657 simili-

315 714 380 779 bus
399 720 481 779 sunt
500 719 677 802 percepta,
699 713 815 800 qualia
835 704 916 781 sunt
935 713 1123 783 domestica
1145 721 1179 780 ct
1203 715 1331 803 legalia
1350 716 1461 783 cuius·

316 861 382 925 que
400 839 553 906 nationis
574 838 737 906 instituta
757 848 791 906 et
809 839 902 906 fides.

403 965 445 1030 V.
469 965 532 1030 Est
555 965 835 1052 suspensionum,
859 971 981 1055 utpote
1010 957 1185 1034 rationum
1214 966 1460 1033 dubitabilium

271 1088 292 1152 5
316 1095 351 1154 et
370 1088 628 1175 ambiguarum,
648 1089 690 1155 de
710 1089 931 1176 quibuscum
954 1081 1067 1158 1110616
1080 1092 1183 1158 liceat
1202 1092 1352 1181 opinari,
1374 1092 1461 1159 iudi·

317 1214 408 1280 cium
426 1214 667 1302 suspendimus
684 1223 719 1280 et
737 1214 940 1282 differimus.

405 1338 465 1406 VI.
490 1339 553 1406 Est
572 1339 718 1406 rationis
741 1339 850 1407 veluti
874 1342 1125 1429 praescriptum
1151 1347 1254 1428 atque
1285 1341 1460 1411 dictamen

317 1487 359 1529 ex
378 1464 614 1552 superioribus
632 1486 853 1551 consequens.

406 1589 484 1656 VII.
509 1590 573 1656 Est
591 1591 710 1676 regula
729 1589 914 1676 quaedam,
934 1597 1055 1678 utpote
1082 1591 1353 1660 accommodatio
1382 1616 1460 1681 pro·
1709 1684 1713 1691 ·

253 1727 295 1791 10
317 1714 386 1803 prii
405 1737 524 1782 sensus
543 1723 578 1781 et
596 1715 747 1802 ingelnii
767 1714 810 1782 ad
829 1715 985 1805 proxime
1003 1715 1135 1783 dictum
1156 1716 1338 1785 dictamen.
1487 1719 1605 1783 159v
1684 1770 1689 1775 .

406 1841 504 1906 VIII.
529 1841 592 1906 Est
614 1841 670 1906 lex
690 1863 748 1906 seu
768 1862 901 1908 summa
920 1863 1035 1906 rerum
1059 1841 1313 1929 opinandorum
1337 1850 1372 1908 et
1395 1865 1464 1908 cre-

318 1964 509 2032 dendarum
538 1965 635 2031 iuxta
665 1964 775 2034 dictas
808 1966 961 2053 regulas,
992 1966 1220 2055 praescripta,
1254 1990 1464 2056 praesuppo-

320 2091 387 2157 sita
406 2098 469 2156 etc.

408 2215 473 2280 IX.
497 2215 561 2281 Est
578 2215 725 2283 dubium
742 2216 900 2283 naturale
924 2216 1086 2283 adversus
1110 2216 1287 2303 praedicta
1306 2215 1463 2283 militans

256 2352 298 2416 15
321 2363 455 2429 semper
479 2339 535 2407 vel
563 2340 763 2427 aliquando;
783 2341 874 2407 unde
896 2341 977 2408 fidei
1002 2341 1187 2411 haesitatio
1217 2342 1465 2431 perplexioque

320 2465 406 2533 facit
424 2465 521 2533 utin
540 2465 757 2533 assentiendo
776 2467 885 2533 veluti
903 2469 1121 2553 resistamus,
1142 2469 1234 2534 etin
1257 2467 1462 2555 obsequium

321 2590 402 2656 fidei
419 2590 476 2656 vel
494 2590 582 2658 alius
601 2614 723 2657 causae
742 2591 894 2678 aliquam
914 2592 1084 2659 rationem
1104 2592 1355 2659 subdomemus.

412 2715 458 2780 X.
482 2717 545 2782 Est
563 2715 753 2803 persuasi0,
772 2721 894 2803 utpote
914 2716 1081 2802 quaedam
1105 2716 1274 2784 naturalis
1304 2717 1359 2784 vel
1389 2739 1467 2806 pro-

323 2849 442 2909 curata
461 2841 612 2911 assensio
633 2840 675 2906 ad
695 2862 799 2906 unam
819 2840 1102 2907 contradictionis
1120 2848 1256 2928 partem
1277 2842 1368 2907 circa
1386 2864 1467 2929 pro·

257 2979 301 3042 20
323 2968 474 3056 positum
492 2968 550 3034 vel
568 2967 723 3034 oblatum
742 2966 897 3033 dubium.

413 3093 477 3163 XI.
502 3094 564 3161 Est
581 3091 842 3174 coniecturatio,
859 3098 981 3179 utpote
996 3091 1039 3157 de
1055 3092 1158 3160 rebus
1174 3092 1289 3160 dubiis
1306 3093 1466 3181 aptitudo

325 3186 493 3303 quaedam
516 3216 723 3283 coniiciendi
747 3222 781 3282 et
810 3216 920 3282 veluti
940 3239 981 3282 cx
1004 3217 1098 3284 iactu
1127 3217 1276 3305 quodam
1307 3241 1366 3285 scu
1395 3219 1469 3285 ictu

325 3342 415 3409 oculi
429 3342 606 3410 ratiocinii
620 3341 726 3408 dubia
743 3341 909 3427 quaedam
923 3349 957 3407 et
969 3363 1039 3408 non
1051 3342 1209 3409 absoluta
1228 3342 1467 3431 apprehensio.

414 3468 498 3535 XII.
535 3468 599 3532 Est
637 3467 774 3555 opinio,
807 3474 928 3555 utpote
970 3467 1111 3533 babitus
1150 3490 1190 3534 ex
1228 3468 1468 3556 probabilibus

232 3609 302 3673 .25
325 3614 503 3679 emergens
528 3614 586 3658 seu
610 3591 660 3658 rei
687 3592 750 3657 sub
774 3591 967 3658 rationibus
987 3591 1194 3678 quibusdam
1214 3593 1470 3678 communibus,

326 3717 511 3785 distinctus
539 3717 583 3783 ab
612 3716 734 3783 habitu
764 3715 1052 3801 demonstrativo,
1078 3718 1137 3804 qui
1169 3724 1220 3783 est
1251 3741 1292 3784 ex
1320 3718 1470 3806 propriis

327 3849 431 3930 atque
451 3841 669 3909 immediatis.

515 4081 609 4121 menalca

421 4133 437 4182 2
455 4131 618 4194 dogmatica
634 4131 666 4181 M
728 4131 757 4182 14
775 4131 899 4182 militare
918 4132 951 4180 Δί
1016 4131 1046 4182 15
1063 4130 1217 4182 haesitatio
1236 4131 1283 4197 (rs.
1301 4148 1318 4180 a
1333 4147 1363 4196 p.
1383 4132 1442 4189 115,
1458 4131 1475 4179 6

329 4212 465 4277 eaorove)
477 4212 537 4262 aci:
552 4211 690 4263 excitatio
703 4211 761 4262 AM
823 4214 854 4263 16
869 4212 949 4272 facit]
965 4212 1039 4264 fssit
1051 4213 1085 4262 Al
1150 4213 1180 4262 17
1198 4211 1401 4262 subdomemue
1417 4210 1442 4274 (l
1453 4209 1475 4260 u

325 4291 418 4355 arriano
435 4309 449 4344 s
466 4291 502 4342 bu
517 4293 545 4342 la
556 4295 655 4357 forma
670 4291 700 4343 ui
716 4293 748 4356 h,
767 4309 780 4342 c
796 4291 817 4342 a'l
833 4299 953 4359 sequente
971 4308 990 4344 u
1007 4293 1109 4344 scrabra
1125 4309 1161 4342 un
1180 4306 1195 4342 e
1211 4292 1337 4356 corretto)
1356 4291 1392 4341 A:
1411 4292 1475 4342 cdo·

328 4442 439 4478 memus
453 4426 485 4477 Μ
547 4428 627 4478 18.19
644 4379 797 4493 produrata
810 4379 855 4479 vil
869 4425 890 4476 Α
956 4428 988 4477 25
1004 4426 1310 4487 eeu-communibus]
1323 4441 1377 4476 aon
1391 4422 1477 4479 inem·

329 4505 419 4561 dianio
425 4525 434 4572 ,·
451 4507 525 4570 forse
537 4507 579 4561 rci
594 4507 870 4595 (apprsbppsiuusfl
