3488 5108
278 412 338 469 458
723 422 864 467 menam
884 422 987 466 nnvm

276 588 324 639 est
340 600 399 638 una
414 579 567 656 absolute,
585 578 751 639 secundnm
763 599 852 654 quam
865 577 1118 654 significationem
1134 578 1210 636 dixit
1221 576 1422 637 Parmenides

277 696 309 744 et
325 687 534 765 Xenophanes
552 707 606 746 ens
623 708 725 746 unum.
744 686 884 746 Secundo
901 686 991 747 modo
1011 685 1142 745 mundns
1160 685 1370 764 distinguitur,
1389 695 1424 746 ut

277 796 367 855 modo
385 793 513 872 dietum,
531 797 616 855 iuxta
634 795 790 855 tricentis
807 814 933 871 genera,
952 814 1029 870 qnae
1044 793 1083 853 ad
1098 814 1188 853 unum
1204 813 1301 869 genus
1318 793 1422 853 reduci

278 923 337 961 non
350 911 490 981 possunt,
503 903 697 978 intelligibile
709 898 826 982 (enim),
839 902 978 960 naturale
990 910 1021 960 et
1032 899 1180 958 rationale
1196 898 1343 960 differunt
1353 899 1424 977 plus

234 1005 254 1065 b
278 1029 363 1084 quam
380 1028 505 1083 genere,
523 1008 581 1069 hoc
596 1019 714 1068 estnon
726 1027 839 1084 genere
851 1008 1006 1083 differunt,
1024 1005 1080 1065 sed
1098 1004 1273 1065 differentia
1286 1016 1357 1066 sunt
1373 1027 1424 1083 ge

278 1135 360 1174 nere.
384 1115 487 1174 Tertio
510 1115 599 1174 111on
624 1114 754 1174 mundus
776 1113 904 1173 sumitur
925 1114 1004 1172 sicut
1023 1113 1105 1190 apud
1126 1114 1347 1190 Democritum,
1370 1114 1422 1190 qui

278 1222 514 1283 innumerabiles
542 1231 573 1281 et
599 1221 735 1282 infinitos
760 1221 927 1298 intellexit,
954 1220 1097 1280 mundum
1123 1242 1216 1281 unum
1245 1220 1422 1300 accipiendo

280 1340 406 1405 terram,
427 1330 518 1388 elium
536 1330 650 1407 lunam,
667 1330 757 1389 alium
774 1328 894 1405 singula
910 1336 1073 1404 astrorum,
1093 1349 1220 1405 quorum
1236 1349 1294 1388 non
1311 1337 1358 1389 est
1373 1327 1425 1391 do·

278 1437 384 1497 finitus
402 1454 553 1498 numerus

216 1547 257 1610 10
370 1545 505 1605 Sumitur
521 1546 613 1605 etiam
631 1544 761 1604 mundus
778 1545 943 1621 improprie
961 1550 993 1603 et
1010 1543 1281 1621 proportionaliter
1304 1563 1359 1603 seu
1387 1543 1426 1602 si·

279 1650 509 1728 militudinmie,
529 1660 563 1711 ut
581 1653 670 1710 homo
688 1651 799 1710 dicitur
816 1651 961 1727 mundus,
980 1650 1052 1725 quia
1073 1650 1210 1726 partibus
1232 1649 1298 1709 eins
1320 1657 1426 1727 partes

280 1758 417 1817 universi
444 1767 669 1837 repraesentat,
698 1759 778 1817 sicut
804 1769 835 1817 et
860 1757 950 1818 modo
977 1776 1032 1816 sno
1054 1757 1176 1831 singula
1197 1755 1371 1814 animalium
1393 1764 1426 1816 et

282 1866 463 1943 plantarum.

370 2073 470 2137 Hanc
488 2072 609 2137 mundi
628 2072 886 2138 distinctionem
903 2072 999 2137 iuxta
1015 2072 1084 2136 tria
1102 2069 1279 2157 praedicta
1295 2069 1422 2154 signifi·
1449 2074 1541 2138 29³
1553 2076 1611 2138 Μ

217 2206 258 2266 ,15
285 2205 360 2263 cata
378 2199 603 2285 comprobant
622 2206 767 2263 naturae
786 2198 927 2282 veritas,
945 2197 1034 2262 ratio
1054 2204 1089 2261 et
1108 2196 1227 2261 divina
1246 2195 1425 2260 revelatio:

281 2323 433 2408 primum
454 2325 535 2408 quia
554 2323 642 2388 nihil
661 2332 713 2388 est
737 2324 773 2388 in
794 2323 921 2387 mundo
945 2321 1115 2404 sensibili,
1137 2321 1229 2407 quod
1248 2320 1292 2386 ab
1312 2319 1428 2386 arche·

283 2455 368 2534 typo
393 2471 462 2512 non
482 2448 688 2534 dependeat,
709 2449 898 2513 seeundum
922 2447 1003 2532 qnia
1027 2446 1115 2512 nihil
1139 2446 1246 2511 estin
1266 2445 1430 2510 intentio-

283 2595 343 2656 ne,
363 2573 454 2656 quod
471 2575 601 2638 nonsit
621 2573 658 2639 in
678 2574 779 2639 rebus
798 2572 1124 2654 fundamentaliter3

380 2799 545 2873 Distingue
566 2798 838 2859 fundamentaliter
859 2808 889 2858 et
914 2797 1055 2873 realiter3
1085 2798 1355 2858 fundamentaliter
1385 2817 1432 2857 se·

218 2911 261 2972 ‘20
284 2904 401 2965 eundae
421 2906 622 2982 intentiones,
641 2907 765 2966 realiter
785 2916 820 2965 ut
841 2908 965 2982 primae.
984 2907 1141 2966 Secundae
1162 2906 1346 2965 intentiones
1364 2907 1432 2963 fnu-

285 3013 376 3072 datae
393 3024 464 3073 sunt
481 3015 510 3072 in
524 3013 641 3092 primis,
655 3013 755 3088 logica
767 3021 815 3072 est
829 3014 867 3072 de
882 3015 1025 3073 secundis
1039 3014 1260 3073 intentionibus
1275 3011 1428 3071 adiunctis

285 3120 400 3198 primis.
417 3120 573 3179 Avicenna
591 3120 621 3178 in
639 3119 674 3177 L.
692 3120 743 3180 De
765 3120 1008 3179 sufficientia.

285 3348 426 3414 tertium
454 3350 535 3433 quia
558 3351 687 3414 veritas
716 3350 856 3415 veritati
880 3373 949 3415 non
969 3350 1176 3415 contradicit
1201 3360 1235 3415 et
1255 3350 1431 3414 nmltoties

290 3473 373 3538 haec
392 3475 568 3540 distinctio
589 3476 626 3539 in
645 3475 773 3540 (lirinis
793 3476 891 3540 libris
910 3476 1089 3561 reperitur.

296 3682 1020 3693 ——-——-—-————-—-..—-—-..-·——
1025 3688 1098 3693 --—-
1111 3686 1378 3693 ——--———--——-
1383 3687 1425 3693 -—-

382 3811 396 3857 4
415 3808 537 3859 abbiamo
554 3809 681 3877 appiunto
696 3812 772 3861 onim
836 3814 851 3862 ὅ
869 3814 917 3863 sod
934 3814 967 3865 0:
987 3829 1037 3863 seu
1054 3814 1085 3863 Μ
1103 3817 1137 3880 (1²)
1202 3821 1218 3866 b'
1234 3817 1432 3867 Democritum

291 3896 320 3940 et
333 3891 491 3940 Me...tum
506 3893 537 3941 Μ
543 3896 547 3926 ¹
614 3894 733 3943 Selium
749 3898 821 3956 (tutte
835 3908 847 3938 e
861 3894 910 3942 duc
928 3895 950 3943 lc
969 3897 1044 3958 nolte)
1062 3896 1104 3944 M:
1123 3897 1207 3947 aliam
1229 3900 1250 3946 O
1315 3902 1339 3946 ll
1359 3897 1431 3965 eius]

285 3971 363 4032 sbrie
375 3971 459 4020 suis?
509 3974 537 4019 12>
549 3973 619 4038 dopo
632 3975 760 4023 universi
768 3974 873 4038 parole
883 3976 1029 4024 cancellato
1043 3975 1103 4025 inU
1151 3983 1179 4026 et
1195 3977 1274 4040 (dopo
1289 3978 1374 4038 sicut)
1388 3977 1431 4026 M:

292 4066 325 4100 uo
349 4055 370 4101 t·
433 4051 561 4119 enolsuo
582 4053 641 4116 (ric)
664 4056 696 4104 Μ
758 4057 789 4105 18
809 4055 879 4118 clepo
901 4058 975 4120 quod
993 4058 1111 4106 <accello
1133 4057 1386 4107 l'nmlmnentnlit'er
1403 4057 1435 4106 M

290 4132 370 4181 20:22
384 4135 747 4186 securrrlne-sufliciontia
761 4153 847 4201 marp.
860 4136 890 4186 Μ
952 4139 990 4187 23.
1001 4139 1032 4187 24
1049 4140 1083 4199 rs.
1099 4157 1115 4187 α
1126 4158 1155 4202 p.
1174 4141 1263 4197 uolt?
1326 4140 1358 4189 21
1374 4153 1431 4188 uon

291 4214 434 4278 reperitur
449 4214 478 4263 Μ
485 4219 492 4249 ¹
