3488 5108
648 406 693 450 Db}
714 407 866 453 VINGVLIS
887 408 921 454 nl
943 409 1084 456 GENERB.

679 664 804 706 Vluclentle
818 667 888 708 vlces.
903 668 952 707 Art.
970 667 1052 708 XXVI.

384 854 647 942 Propertionale
663 862 715 920 est
731 853 768 920 in
782 855 877 921 omni
890 855 1066 921 vinciendi
1084 864 1175 939 actu,
1198 854 1291 941 quod
1306 856 1343 921 in
1359 856 1435 922 cibo

296 991 331 1050 et
349 984 443 1051 coitu
463 982 625 1049 continue
649 981 854 1068 experimur.
877 981 1063 1048 Trahimur
1081 983 1173 1049 enim
1203 991 1238 1049 et
1265 984 1438 1050 vincimur

293 1110 417 1176 horum
428 1107 598 1174 desiderio
613 1115 647 1174 et
663 1130 791 1194 amore,
805 1107 865 1174 sed
876 1129 947 1174 non
960 1108 1147 1175 eorundem
1160 1132 1307 1197 semper,
1319 1110 1436 1176 eodem

250 1248 271 1311 5
293 1238 409 1322 mode,
429 1237 616 1323 eademque
635 1260 807 1320 mensura,
827 1236 1017 1322 iisdemque
1041 1237 1206 1324 temporis
1231 1237 1440 1304 vicissitudi-

295 1366 411 1449 nibus3
431 1389 509 1433 cum
529 1374 683 1452 tempore
702 1364 794 1430 enim
813 1364 892 1430 fluit
908 1372 942 1430 et
960 1365 1212 1453 praecipitatur
1231 1364 1438 1452 complexio,

295 1499 330 1558 et
348 1493 464 1559 omnia
483 1514 571 1578 quae
591 1491 863 1579 complexionem
888 1499 1152 1578 consequantur.
1184 1491 1266 1557 Ideo
1295 1490 1441 1579 provide

295 1629 330 1682 et
348 1624 605 1705 praematurato
625 1618 770 1684 consilio
788 1618 965 1684 vinciendi
991 1626 1128 1705 tempus
1152 1641 1442 1706 praecognoscen-

294 1744 377 1811 dum
397 1752 464 1826 est,
484 1745 699 1811 velocissime
715 1766 877 1833 praesens
896 1745 1072 1832 praesenti
1092 1745 1275 1830 utendum,
1306 1752 1345 1809 ut
1367 1745 1442 1810 vin-

229 1872 272 1935 10
295 1870 364 1935 cire
379 1876 502 1956 potens
527 1870 783 1957 quamprimum
800 1869 934 1936 vinciat
949 1877 983 1935 et
1002 1869 1164 1956 stringat.

672 2111 800 2152 Vlnclentlr
815 2113 881 2153 ocull.
899 2113 948 2152 Art.
965 2112 1063 2154 xxvrl.

383 2299 433 2366 Ut
450 2299 594 2366 subtilia
613 2307 694 2366 sunt
712 2301 866 2386 vincula,
886 2308 926 2367 ut
944 2324 1032 2389 pene
1055 2301 1257 2368 insensibile
1277 2303 1437 2388 estquod

294 2424 446 2490 vincitur
465 2431 570 2511 atque
587 2424 816 2513 profundum,
837 2426 929 2512 quod
951 2427 1075 2493 leviter
1095 2434 1261 2514 tanquam
1281 2452 1301 2495 a
1321 2451 1440 2516 snper·

293 2549 369 2615 ficio
388 2549 491 2616 liceat
508 2554 719 2636 examinare,
744 2551 836 2637 quod
865 2551 950 2617 item
980 2576 1042 2640 per
1072 2561 1245 2620 momenta
1271 2554 1439 2621 transfor·

230 2676 270 2740 15
294 2674 433 2759 mobile,
454 2698 524 2742 non
544 2678 645 2743 aliter
669 2676 713 2743 ad
732 2677 942 2744 vincientem
962 2701 998 2742 se
1027 2678 1173 2763 habens,
1194 2701 1298 2765 quam
1317 2679 1438 2745 Thetis

294 2799 338 2865 ad
354 2800 446 2867 Pelei
462 2802 665 2869 concubitus
693 2803 887 2887 evitandos,
908 2804 1078 2891 respicere
1104 2803 1206 2870 debet
1234 2805 1437 2871 mutationis

294 2925 448 2992 ordinem
477 2934 512 2992 et
539 2926 732 3014 potentiam
767 2928 1009 3015 subsequentis
1047 2928 1178 2995 formae
1208 2929 1273 2995 sub
1303 2951 1438 3016 praece-

295 3050 406 3116 dente.
430 3050 596 3129 Quamvis
620 3053 712 3119 enim
731 3054 875 3120 materia
895 3053 938 3119 ad
958 3054 1227 3121 innumerabiles
1255 3053 1437 3120 indefinita

295 3175 341 3241 sit
359 3174 501 3259 formas,
521 3201 541 3243 a
560 3182 731 3270 praesenti
752 3187 869 3245 tamen
889 3179 999 3245 forma
1016 3200 1086 3244 non
1111 3179 1301 3264 aequaliter
1329 3179 1437 3245 distat

228 3316 273 3378 ‘20
295 3303 339 3368 ab
358 3304 530 3389 omnibns,
549 3305 607 3371 sed
624 3328 666 3371 ex
681 3305 736 3371 his
752 3327 821 3372 una
840 3306 1080 3373 tantummodo
1100 3312 1152 3371 est
1170 3305 1348 3393 potissime
1365 3328 1442 3371 suc·

296 3427 436 3512 sedena,
470 3429 538 3495 alia
572 3451 654 3496 vero
678 3429 834 3518 plurium
864 3430 1055 3496 mediorum
1085 3431 1339 3512 interiectione,
1370 3430 1438 3496 alia

296 3557 511 3644 pauciorum,
532 3557 700 3642 quaedam
721 3581 800 3624 vero
821 3557 974 3624 omnium
994 3559 1157 3645 elongata
1180 3558 1349 3625 consistit.
1369 3559 1440 3625 Ita·

296 3709 362 3772 que
381 3686 472 3751 siout
486 3686 634 3751 t'ormam
653 3684 747 3771 chyli
770 3685 968 3751 immediate
988 3686 1212 3772 consequitur
1235 3686 1346 3753 forma
1364 3710 1440 3753 san·

295 3811 425 3898 guinis,
445 3811 495 3877 ita
513 3811 766 3898 indignationis
790 3811 929 3878 vinculo
953 3812 1141 3879 succedunt
1160 3814 1245 3899 irae,
1266 3814 1337 3880 irae
1356 3836 1438 3880 vero

229 3945 272 4007 25
296 3938 444 4003 vinculis
463 3946 670 4004 succurrunt
688 3938 828 4004 vincula
847 3939 1023 4024 tristitiae,
1044 3947 1083 4005 ut
1110 3940 1212 4007 t'ucile
1246 3941 1324 4007 bilis
1348 3940 1439 4007 flava

220 4089 224 4098 ·
296 4063 423 4129 transit
440 4065 479 4130 in
498 4070 619 4130 atram.
639 4063 875 4151 Dispositione
894 4065 1003 4151 igitur
1017 4075 1198 4154 perspecta
1214 4074 1249 4133 et
1264 4069 1441 4157 praesenti

899 4239 905 4243 .
913 4238 1171 4245 -—....-.—...-—-
1178 4238 1410 4246 —-—..—.-—
1418 4239 1432 4246 -

391 4322 459 4371 105
475 4320 547 4372 viole
567 4336 580 4370 a
602 4324 764 4388 temporum
786 4313 835 4369 ΜΓ
895 4321 920 4370 2.
940 4336 968 4386 p.
984 4323 1044 4386 668,
1061 4324 1076 4371 4
1093 4323 1128 4386 cs.
1148 4337 1177 4386 ρ.
1197 4323 1263 4383 646,
1277 4323 1391 4381 arom,
1408 4324 1440 4371 13

297 4399 366 4452 osia
387 4401 430 4452 M:
450 4402 473 4464 f.
497 4400 682 4470 [praeean019
761 4402 793 4452 10
815 4402 1040 4466 *asstringat
1061 4401 1103 4452 Μι
1183 4403 1213 4452 15
1229 4419 1283 4466 sqq.
1302 4403 1337 4466 cs.
1355 4419 1440 4466 sopra

293 4487 439 4549 mdleqq.
504 4484 535 4535 18
550 4482 716 4534 indefinitae
730 4475 779 4534 Mt
