3488 5108
303 375 361 443 teo
737 391 878 445 tonnam
898 395 999 445 nnvnr

391 554 429 620 Si
447 555 598 622 tertiana
608 556 721 642 prima
736 554 791 621 die
806 562 859 621 est
878 555 1051 621 sensibilis
1063 555 1101 621 in
1113 554 1214 622 domo
1233 555 1303 640 BF,
1316 555 1454 622 malum

302 680 439 765 signum
459 686 523 764 est,
544 680 626 767 quia
644 680 759 747 minus
777 680 878 746 fortis
898 678 928 744 B
946 687 1068 745 eontra
1086 680 1118 746 D
1138 688 1174 747 et
1192 681 1218 747 O
1238 705 1342 768 quam
1362 680 1412 746 H.

390 805 513 892 Itaque
531 829 651 901 parea
669 828 757 891 qnae
780 805 931 871 diximus
950 804 992 871 de
1011 805 1162 872 tertiana
1188 806 1338 874 infertur
1371 805 1456 871 doe

303 930 397 997 trina
416 930 458 996 de
477 931 630 997 omnium
650 930 795 996 aliarum
813 930 995 1017 regionum
1011 931 1176 998 febribue.

258 1091 279 1154 ὃ
391 1090 483 1170 Ipsae
501 1092 581 1152 enim
598 1091 705 1151 eodem
729 1091 834 1151 ordine
855 1092 941 1152 iuxta
957 1112 1030 1153 enos
1051 1113 1194 1154 numeros
1215 1092 1242 1153 ei
1264 1090 1453 1171 procedant,

302 1206 481 1274 augeantur,
511 1199 706 1276 roborentur,
740 1198 872 1259 tendunt
897 1200 929 1259 in
957 1210 1152 1276 augmentum
1179 1220 1288 1261 verens
1315 1199 1455 1260 subiecti

303 1306 542 1384 corruptionem
561 1326 577 1366 e
595 1315 701 1367 contra
717 1325 804 1383 vero,
823 1309 850 1367 si
868 1306 967 1367 aliter.

392 1465 558 1543 Quamvis
577 1472 692 1533 antem
709 1490 751 1533 ex
769 1468 871 1533 dictis
891 1467 932 1532 de
951 1490 1136 1555 progressu
1153 1468 1260 1535 febris
1276 1468 1455 1534 tertianae

302 1599 416 1677 potest
435 1591 477 1656 de
497 1593 639 1658 caeteris
659 1590 742 1658 ferri
761 1593 941 1677 iudicium,
959 1593 1000 1659 de
1021 1592 1164 1680 reliquis
1179 1601 1298 1659 tamen
1314 1591 1455 1678 aliquid

241 1725 280 1787 10
303 1738 363 1782 suo
383 1716 503 1783 ordine
521 1717 681 1784 dioemuu

392 1877 477 1937 Siout
493 1878 523 1937 in
545 1878 631 1937 febre
652 1877 837 1956 quotidiana,
860 1898 937 1954 quae
958 1879 1055 1940 estin
1074 1880 1163 1940 domo
1181 1880 1251 1957 DH,
1271 1880 1393 1940 omnino
1412 1900 1456 1940 ex

304 1987 444 2063 opposito
460 1985 499 2046 ad
512 1987 609 2064 ipsam
625 1987 745 2046 domum
759 1988 824 2066 BF,
839 1996 958 2064 atquae
973 1990 1067 2049 habet
1082 1990 1267 2066 triangulum
1282 1989 1453 2050 adversum

302 2092 388 2152 DAC
410 2093 486 2152 duas
512 2094 609 2154 lineas
631 2095 867 2172 concordantee,
889 2116 998 2174 nempe
1018 2097 1078 2154 DA
1100 2117 1157 2175 per
1181 2096 1394 2156 humiditatem
1416 2106 1454 2155 et

302 2200 359 2259 Dc
376 2220 432 2278 per
452 2201 666 2278 frigiditatem,
685 2212 716 2262 et
732 2223 823 2263 unam
836 2204 1019 2264 contrariam
1038 2203 1104 2282 OA,
1119 2213 1154 2264 ut
1167 2204 1281 2264 dietum
1297 2212 1357 2282 est,
1377 2204 1453 2280 quia

239 2302 280 2365 li)
304 2307 358 2366 OG
376 2318 407 2368 et
423 2310 480 2368 ΑΕ
497 2317 568 2369 suut
584 2312 768 2387 contrariae;
786 2312 831 2371 ita
848 2312 886 2372 de
903 2312 981 2372 aliie.

623 2504 657 2542 Do
671 2503 736 2544 febre
750 2503 860 2543 continue
874 2503 937 2543 lenta
952 2508 975 2544 et
989 2504 1127 2544 aentiteima.

393 2631 520 2698 Differt
549 2633 713 2698 continua
742 2633 849 2699 febris
880 2642 915 2700 et
944 2633 1040 2698 lenta
1067 2633 1111 2698 ab
1130 2632 1343 2718 acutissima,
1364 2633 1451 2719 quia

303 2759 386 2824 haee
404 2757 595 2845 triumphat
615 2759 652 2822 in
671 2757 831 2823 omnibus
851 2758 1050 2845 regionibus
1069 2765 1103 2823 et
1129 2757 1282 2844 aequalis
1302 2763 1451 2845 apparet

304 2886 340 2948 in
364 2883 432 2949 illis
452 2883 644 2949 naturalem
668 2886 902 2970 operationem
926 2884 1145 2965 inculcandO,
1176 2884 1340 2949 continua
1365 2904 1450 2947 vero

237 3017 281 3079 20
303 3014 396 3076 lenta
426 3011 463 3076 in
493 3010 699 3096 quibusdam
726 3010 926 3095 regionibus
954 3011 1063 3075 maior
1092 3018 1156 3092 est,
1182 3012 1220 3074 iu
1239 3009 1449 3095 quibusdam

302 3161 382 3204 vero
404 3138 529 3221 minor,
546 3138 745 3203 acutissima
764 3161 825 3203 sua
842 3137 1047 3204 fortitudine
1067 3137 1267 3222 frequenter
1286 3144 1449 3202 naturam

302 3264 462 3328 molestat
484 3272 519 3328 et
539 3264 648 3329 vincit
671 3263 816 3348 ubique,
838 3262 887 3326 ita
911 3270 950 3327 nt
965 3262 1075 3328 veluti
1094 3262 1230 3327 animae
1254 3261 1448 3326 dominium

302 3389 523 3476 impediatur,
554 3396 593 3454 ut
624 3412 734 3474 nequo
762 3411 884 3475 eorpus
912 3395 1079 3471 tanquam
1109 3388 1287 3475 proprium
1319 3389 1449 3452 instru-

302 3524 458 3581 mentum
476 3516 651 3601 exagitare
672 3525 781 3601 queat.
803 3516 889 3580 Indo
909 3516 948 3579 fit
967 3525 1006 3581 nt
1025 3524 1059 3580 et
1078 3516 1213 3602 patiens
1233 3538 1252 3580 a
1272 3515 1334 3580 tali
1350 3513 1448 3579 febre

236 3652 279 3713 25
302 3642 504 3708 indistinete
521 3642 693 3728 loquatur.
715 3645 902 3727 Propterea
919 3641 1056 3726 qnando
1076 3643 1153 3726 quis
1172 3640 1310 3728 patiens
1328 3639 1449 3704 tertia-

303 3791 383 3833 nam
414 3768 470 3833 vel
505 3769 743 3854 quotidianam
773 3775 899 3832 temere
926 3767 1081 3851 loquitur
1111 3773 1145 3831 et
1173 3767 1302 3851 absque
1329 3787 1445 3847 cansa,

303 3893 440 3978 signnm
467 3900 518 3959 est
546 3893 849 3961 transmutationis
887 3893 1055 3958 tertianae
1079 3892 1133 3956 vel
1159 3891 1382 3977 quotidianae
1407 3891 1447 3955 in

304 4022 518 4102 continnam3
534 4020 671 4085 videtur
690 4020 782 4084 enim
802 4028 926 4084 natura
946 4017 1166 4083 succumbere
1188 4017 1317 4082 morbo.

395 4237 444 4285 dd
461 4237 527 4285 duta
540 4240 585 4286 est
598 4236 729 4286 doctrina
747 4236 781 4285 de
798 4235 966 4297 regionibus
984 4237 1111 4283 omnium
1129 4234 1249 4282 aliarum
1266 4232 1390 4281 febrium
1403 4231 1447 4281 Br

302 4318 325 4365 ὅ.
333 4318 347 4366 7
356 4317 385 4366 in
394 4332 479 4382 uturp.
487 4317 519 4367 M
561 4320 600 4365 11.
609 4318 639 4366 15
648 4315 677 4367 in
687 4333 773 4380 uturp.
786 4320 844 4377 (con
854 4312 984 4364 rictiamo
993 4315 1062 4378 dopo
1074 4313 1210 4363 indicium
1223 4330 1243 4362 o.
1251 4314 1278 4375 9)
1290 4312 1319 4361 M
1361 4312 1390 4360 12
1399 4328 1448 4378 up·

301 4397 486 4463 positoM(?)
534 4397 776 4447 habothnbotM¹
830 4394 1159 4455 123<habeutom)duas?
1215 4393 1445 4451 l=iDCIDt=CM¹

301 4479 333 4527 28
350 4477 604 4527 videtur-morbo
618 4477 661 4527 M:
677 4484 709 4528 ut
722 4483 823 4528 oontrn
835 4485 968 4528 naturam
982 4476 1147 4540 vigorosius
1162 4489 1224 4525 osee
1236 4480 1333 4540 posset
1348 4474 1391 4523 Br
