3488 5108
606 418 737 463 inuras
758 417 918 463 rarorum
940 415 1146 462 srarvaavu.
1409 403 1448 461 63

393 573 569 663 Apollinis
588 595 708 640 currus
725 573 897 639 unitatem
920 573 947 638 Ι.
972 571 1147 659 significat
1172 572 1448 658 continentia,

306 723 372 787 qun
392 700 594 766 universum
617 704 669 764 est
688 720 808 782 unum,
829 698 910 784 quia
930 697 1086 764 continet
1105 697 1231 764 onmia.

393 825 439 890 11.
464 824 592 911 Apollo
605 847 710 912 supra
729 845 868 890 currum
887 845 958 889 non
974 823 1106 905 sedens,
1128 823 1188 889 sed
1204 823 1367 908 elevatus,
1389 825 1452 891 ab·

303 951 511 1018 solutione
535 972 643 1015 unum
667 949 856 1036 significat,
875 972 944 1035 qua
967 948 1101 1015 ratione
1126 971 1221 1016 mens
1246 971 1316 1016 non
1340 951 1450 1018 solum

258 1080 280 1144 5
306 1100 376 1144 una
396 1084 464 1158 est,
483 1075 542 1141 sed
565 1075 691 1141 unitas.

393 1201 457 1267 III.
483 1201 633 1267 Nuditas
660 1201 734 1268 eius
758 1224 865 1267 unum
896 1200 1168 1289 simplicitate
1200 1201 1354 1286 denotat,
1383 1225 1452 1289 qua

304 1349 412 1394 unum
433 1334 514 1393 sunt
534 1326 650 1392 omnia
670 1350 757 1414 quae
781 1333 879 1393 extra
903 1327 1197 1415 compositionem.

393 1452 452 1518 IV.
477 1453 686 1519 Constantia
702 1453 775 1518 eius
793 1452 880 1519 lucis
898 1474 1008 1519 unum
1035 1452 1373 1519 invariabilitate
1397 1452 1451 1519 de·

305 1578 436 1663 signat,
458 1600 525 1664 qua
544 1579 679 1644 ratione
698 1579 885 1644 aeternitas
904 1601 973 1644 una
992 1585 1054 1644 est.

240 1696 283 1760 10
393 1703 434 1768 V.
454 1702 644 1769 Radiorum
657 1703 815 1770 soliditas
830 1726 939 1769 unum
955 1704 1134 1770 veritate
1152 1709 1252 1770 notat
1267 1726 1328 1770 seu
1346 1703 1453 1791 puri·

304 1836 407 1913 tate,
433 1850 502 1915 qua
525 1829 659 1895 ratione
688 1851 808 1895 verum
828 1851 951 1895 aurum
970 1828 1130 1913 dicimus,
1154 1851 1274 1894 verum
1303 1852 1450 1912 merum,

304 1955 385 2040 qnia
409 1977 548 2041 purum;
573 1961 735 2020 econtra
759 1954 901 2035 falsum,
926 1955 1103 2041 quianon
1121 1978 1242 2040 unum,
1267 1953 1326 2021 sod
1351 1954 1452 2022 alteri

305 2079 506 2146 admixtum.

393 2206 452 2272 VI.
478 2207 577 2274 Unus
597 2205 714 2272 alveus
731 2227 850 2272 currus
869 2227 977 2272 unum
1006 2206 1201 2290 entitate,
1228 2229 1296 2294 qua
1326 2230 1386 2274 ens
1417 2215 1452 2275 et

241 2325 283 2388 15
307 2354 415 2398 unum
432 2338 483 2397 est
495 2331 877 2420 idem3unumquodque
895 2331 988 2397 enim
1001 2331 1077 2398 ideo
1094 2339 1155 2416 est,
1168 2332 1250 2419 quia
1263 2355 1370 2400 unum
1388 2341 1449 2400 cst.

394 2458 471 2524 VII.
498 2459 597 2526 Unus
620 2479 743 2524 corvus
767 2457 954 2545 singularis
978 2458 1068 2524 circa
1092 2459 1228 2525 vultum
1253 2459 1348 2525 illius
1367 2458 1451 2524 voli·

304 2592 384 2651 tans
401 2584 573 2650 unitatem
589 2583 764 2670 significat
782 2605 853 2671 per
873 2584 1157 2651 multitudinis
1176 2584 1449 2673 negationem.

395 2709 494 2774 VIII.
523 2709 606 2793 Leo,
629 2708 689 2795 qui
717 2717 890 2775 temonem
910 2710 1099 2795 antecedit,
1120 2733 1226 2777 uuum
1251 2710 1449 2777 termina

306 2835 419 2900 tione
443 2834 634 2920 significat,
657 2856 725 2919 quo
739 2841 841 2921 puoto
860 2843 1026 2920 centrum,
1044 2834 1086 2901 ad
1104 2834 1197 2921 quod
1215 2836 1450 2902 terminantur

240 2961 285 3025 20
309 2981 426 3025 ornnes
455 2960 580 3043 lineae,
605 2982 712 3025 unum
741 2960 914 3045 quoddam
943 2969 1006 3043 cst3
1032 2961 1124 3027 idem
1147 2962 1249 3028 cardo
1273 2962 1449 3029 radiorum

309 3093 407 3151 rotae
426 3084 609 3171 siguificat.

397 3210 460 3275 IX.
494 3210 593 3288 Quod
620 3217 696 3275 rota
727 3232 844 3295 aurea,
876 3219 969 3278 temo
997 3234 1135 3295 aureus,
1164 3213 1239 3279 axis
1268 3234 1391 3279 aureus
1416 3218 1450 3276 et

307 3336 422 3402 omnia
446 3358 562 3418 auron,
586 3358 697 3401 unum
719 3336 890 3402 rnateria
913 3337 1103 3422 significat,
1128 3337 1218 3403 sicut
1241 3360 1345 3423 aqua,
1370 3337 1449 3421 nir,

306 3483 373 3544 ros,
394 3461 536 3547 glacies,
556 3462 783 3527 materialiter
802 3485 909 3527 unum
929 3470 1009 3528 suut
1028 3469 1063 3528 et
1081 3462 1181 3528 idem.

239 3596 284 3660 25
396 3588 441 3651 X.
463 3587 562 3664 Quod
579 3588 695 3653 onmia
711 3609 818 3653 unam
834 3587 1007 3675 reciplunt
1024 3588 1354 3672 denominationem,
1368 3589 1450 3674 quia

308 3712 458 3778 Phoebei
479 3713 574 3798 equi,
595 3711 773 3778 Phoebeus
797 3736 924 3799 equus,
947 3735 1056 3779 uuum
1076 3714 1238 3779 nomino
1263 3713 1448 3800 significat.

396 3838 459 3902 XI.
487 3837 585 3916 Quod
608 3837 735 3924 Apollo
758 3838 933 3925 praesidet
956 3838 1079 3923 alveis,
1099 3838 1218 3928 (alvei)
1236 3839 1334 3923 rotie,
1355 3846 1452 3905 rotae

307 3964 453 4047 temoni,
474 3965 530 4028 hic
550 3964 663 4049 equis,
684 3986 792 4029 unum
811 3964 1004 4050 analogia
1028 3964 1212 4050 significat.

401 4171 559 4232 ltruspone
579 4168 600 4217 il
621 4184 731 4217 'riuruero
753 4169 775 4218 I.
796 4167 908 4219 innomi
929 4170 966 4219 ad
986 4170 1091 4235 Apollo
1115 4169 1147 4219 M
1222 4172 1249 4220 ll
1268 4171 1396 4224 dicemus
1415 4174 1452 4224 Αι

309 4251 338 4301 ld
355 4248 467 4300 innanzi
478 4250 515 4299 ort
529 4251 651 4300 outituto
664 4249 783 4299 crincello
796 4250 948 4300 identitate
960 4253 983 4300 A
1032 4252 1063 4302 16
1079 4251 1182 4301 corbus
1198 4252 1219 4300 A
1269 4255 1300 4303 19
1317 4256 1392 4320 quod
1406 4255 1448 4305 M:

309 4347 393 4396 quem
409 4332 433 4380 A
497 4332 528 4380 21
546 4331 615 4395 dopo
633 4331 778 4395 significet
798 4331 954 4394 (significat
975 4331 1019 4395 Μ)
1039 4333 1157 4382 caracalla
1178 4333 1255 4399 quod
1278 4350 1365 4384 auron
1386 4344 1452 4386 rota

310 4422 384 4463 tamo
402 4427 506 4462 aureus
523 4412 546 4461 A
611 4414 650 4462 25.
660 4414 692 4462 ‘26
706 4413 772 4477 quia
784 4411 928 4478 phaebeus
946 4428 1060 4476 currus,
1075 4414 1193 4479 phaeboi
1213 4416 1291 4481 equi,
1304 4415 1450 4482 phaebeus

310 4494 353 4544 loo
368 4508 457 4544 unum
470 4493 501 4543 M
562 4493 852 4545 rrnlvoisrrnlvao
864 4492 896 4543 Μ
957 4493 1376 4547 alveiuoi:om.1l:alvcualll
