3488 5108
664 411 793 455 inuras
813 411 973 458 raremrs
997 412 1201 460 suurvunvu.
1463 399 1502 457 33

451 572 492 636 V.
517 571 667 658 Nigrum
695 570 801 638 habet
829 571 954 659 capitis
980 572 1211 638 velamentum
1235 572 1278 638 ob
1303 594 1378 637 eam
1405 595 1503 639 caus-

363 719 451 781 sam,
477 696 567 782 quod
592 719 612 762 a
636 704 780 784 parente
798 696 886 764 Orco
902 697 1142 784 proficiscitur.

449 821 508 887 VI.
534 822 617 888 Alas
640 822 757 904 habet,
780 822 861 914 quia
891 821 1119 888 variationem
1143 829 1177 888 et
1204 823 1433 889 mutationem
1458 822 1505 891 ef·

361 947 433 1014 ficit
457 955 492 1013 et
516 946 777 1013 concomitatur.

316 1076 337 1138 5
449 1073 528 1138 Vll.
552 1073 680 1160 Nigrus
718 1073 823 1139 habet
851 1072 936 1157 alas,
977 1074 1058 1159 quia
1091 1072 1289 1160 privatione
1318 1074 1504 1140 intinctam

361 1199 466 1265 habet
490 1198 722 1286 adeptionem;
757 1197 846 1263 nihil
877 1198 969 1264 enim
997 1198 1102 1265 hebet
1130 1205 1164 1263 et
1192 1199 1256 1264 alis
1280 1199 1438 1285 attingit,
1464 1206 1504 1264 ut

360 1325 559 1412 priVatione
583 1324 705 1390 induta
731 1333 766 1389 et
789 1324 939 1390 orbitate
963 1333 1067 1390 exuta
1090 1325 1317 1413 intelligatur.

449 1450 546 1515 VIII.
571 1450 614 1515 In
639 1451 845 1516 immensrmr
869 1457 1026 1515 extentas
1060 1449 1164 1516 habet
1198 1451 1283 1534 alas,
1313 1451 1394 1536 quia
1423 1450 1504 1518 Orci

360 1575 604 1661 privationem,
629 1575 741 1640 Chaos
766 1573 1045 1661 amplitudinem,
1070 1575 1275 1642 inanitatem
1300 1576 1503 1642 immensam

295 1709 339 1773 10
360 1713 539 1789 exaequat.

449 1829 513 1894 IX.
538 1829 637 1917 Bigis
672 1829 824 1913 vehitur,
861 1830 955 1915 quia,
985 1837 1024 1895 ut
1051 1829 1228 1896 declarant
1263 1830 1504 1918 Pythagorici,

361 1955 506 2021 materia
534 1954 682 2021 dualitas
712 1954 880 2040 quaedam
910 1962 974 2038 est,
1000 1960 1120 2042 utpote
1145 1954 1380 2021 multitudinis
1411 1956 1506 2043 prin·

361 2081 504 2167 cipium,
537 2089 656 2146 centra
686 2080 773 2145 lucis
806 2081 976 2146 unitatem
1011 2087 1046 2146 et
1075 2079 1334 2167 simplicitatem
1366 2081 1505 2148 commi·

360 2211 476 2276 litans.

295 2330 338 2395 15
450 2336 496 2399 X.
522 2334 665 2400 Duobus
689 2333 801 2419 nigris
825 2334 923 2419 equis
947 2341 982 2397 et
1006 2332 1106 2399 alatis
1130 2333 1294 2418 trahitur,
1320 2336 1379 2420 qui
1399 2337 1505 2422 signi·

361 2461 467 2527 ficant
490 2460 563 2526 eius
587 2459 835 2525 subiectionem
864 2465 898 2524 et
932 2458 1138 2546 potentiam;
1169 2458 1262 2545 nigri
1298 2468 1392 2538 sunt,
1422 2462 1504 2547 quia

363 2587 405 2653 ab
426 2585 515 2651 Orco
539 2585 670 2668 educti,
691 2584 970 2670 quandoquidem
994 2584 1210 2671 inpotentia
1234 2592 1331 2652 actus
1355 2586 1501 2670 orbitas,

361 2713 398 2778 in
422 2711 635 2778 subiectione
660 2710 800 2776 termini
823 2711 974 2798 privatio
997 2716 1220 2797 protestatur.

451 2837 514 2901 XI.
540 2835 595 2901 Ab
613 2835 725 2900 Erebo
746 2834 789 2900 ad
808 2835 918 2900 lucem
942 2835 1077 2920 exilire,
1097 2842 1132 2900 et
1151 2859 1171 2901 a
1189 2836 1265 2901 luce
1289 2836 1333 2902 ad
1352 2837 1504 2904 Erebum

294 2968 340 3032 ‘20
362 2963 549 3048 remigrare
578 2959 720 3043 dicitur,
749 2960 829 3045 quia
858 2960 976 3026 eadem
999 2960 1233 3047 generationis
1257 2969 1291 3027 et
1315 2962 1506 3050 corruptio-

362 3089 416 3156 nis
440 3096 491 3153 est
515 3086 737 3174 principium.

452 3213 534 3278 XII.
559 3213 687 3277 Lucem
715 3212 800 3277 dicit
828 3211 985 3299 Orpheus
1004 3212 1047 3277 ad
1072 3212 1199 3278 Orcum
1222 3213 1402 3296 advehere,
1425 3213 1430 3302 Ι
1451 3238 1502 3280 se·
1530 3223 1637 3286 113¹·

361 3362 437 3405 cnm
458 3344 492 3404 et
511 3337 705 3421 demittere,
727 3337 807 3422 quia
823 3336 996 3402 mediante
1013 3337 1158 3403 materia
1178 3338 1329 3424 privatio
1345 3345 1379 3403 et
1400 3338 1505 3405 inane

361 3466 551 3553 implentur
574 3472 608 3530 et
632 3462 836 3528 formantur.

295 3580 340 3645 ‘25
452 3591 553 3656 XIII.
579 3588 717 3667 Quanto
740 3589 850 3675 magis
874 3611 992 3654 versus
1012 3589 1097 3653 lucis
1122 3589 1297 3674 regionem
1317 3589 1504 3675 attollitur,

363 3740 402 3783 oo
428 3715 601 3782 attenuari
626 3715 737 3801 magis
761 3715 912 3798 videtur,
937 3715 1017 3800 quia
1041 3722 1075 3779 ot
1099 3737 1166 3800 quo
1191 3715 1302 3801 magis
1326 3715 1370 3781 ad
1393 3723 1506 3803 peter·

363 3866 426 3909 nas
456 3840 639 3907 retrocedit
672 3840 842 3927 regiones,
872 3841 982 3927 magis
1016 3839 1226 3905 sensibiliter
1257 3840 1506 3927 amplificatum

365 3969 445 4054 quia
464 3968 593 4034 formas
617 3967 808 4053 superiores
828 3967 1002 4032 difficilius
1022 3966 1156 4050 abiicit,
1181 3972 1303 4053 utpote
1320 3967 1356 4031 iu
1376 3966 1504 4052 quibus

362 4095 477 4161 minus
500 4093 606 4159 habet
628 4093 779 4179 imperii,
805 4091 983 4158 inferiores
1007 4114 1088 4159 vero
1107 4116 1126 4157 e
1149 4100 1279 4158 contra.

453 4330 469 4378 9
485 4327 617 4378 ctOhaoe
630 4330 689 4389 (om.
703 4326 933 4391 amplitudinem)
946 4326 1113 4375 immensam
1126 4325 1297 4374 inanitatem
1310 4322 1342 4372 M
1388 4324 1418 4371 12
1435 4322 1510 4372 rnul-

363 4409 471 4459 tudinis
488 4409 510 4458 A
575 4410 607 4457 '23
623 4406 739 4473 Lucam]
752 4408 780 4456 la
793 4405 890 4457 villata
903 4405 970 4456 nuc
988 4411 1105 4455 eorretta
1118 4405 1165 4468 (do
1178 4405 1248 4455 Luci
1258 4404 1282 4467 l)
1293 4403 1316 4453 Al
1381 4403 1452 4453 dicit
1465 4402 1504 4453 A:

363 4490 441 4542 dedit
452 4489 485 4539 Μ
545 4491 577 4540 ‘26
593 4489 661 4555 quia
678 4505 727 4538 om.
741 4488 773 4538 Μ

495 4585 570 4624 littus!
589 4586 644 4632 Opp.
656 4586 696 4622 zat.
709 4583 752 4622 ΙΙΙ.
