3488 5108
481 438 483 442 ⁴
543 433 633 478 LIBRI
654 434 865 482 Punicorum
886 436 1098 482 ARISTOTELIS
1118 438 1315 484 Exruauari.
1438 422 1496 480 291

360 589 585 676 Anaxagoras
604 591 709 656 etiam
729 613 806 655 eum
830 590 963 677 aliquid
980 593 1068 659 bene
1084 591 1169 657 dicit
1185 614 1255 657 non
1272 614 1314 656 ex
1338 599 1431 658 reete
1452 592 1504 656 in-

359 715 524 797 tentione,
544 738 639 781 more
657 716 918 804 prophetarum,
936 717 1025 783 dixit
1041 718 1134 783 enim
1153 740 1222 783 una
1238 740 1316 784 eum
1332 715 1503 804 Empedo·

361 844 412 909 cle
428 843 514 909 illud
529 866 637 910 unum
654 844 879 911 commixtum
895 852 999 929 atque
1015 844 1197 911 confusum
1211 844 1254 910 ab
1267 841 1503 929 intelligentia

362 995 420 1038 seu
439 978 554 1038 mente
573 994 675 1057 super
691 971 873 1037 assistente
890 971 1040 1058 coepisse
1060 971 1184 1058 digeri,
1200 977 1321 1059 utpote
1337 971 1503 1058 speciesa

318 1096 339 1160 5
363 1098 540 1186 speciebus
559 1099 747 1184 segregari,
768 1119 855 1182 quae
874 1105 990 1162 tamen
1009 1119 1188 1182 nunquam
1204 1104 1306 1162 erunt
1321 1118 1438 1163 omnes
1454 1118 1504 1161 se·

360 1232 533 1311 gregatae.
554 1225 624 1292 Ubi
644 1224 735 1310 quod
754 1225 839 1291 dicit
857 1227 1132 1313 segregationem
1152 1225 1306 1292 emnium
1325 1247 1504 1310 nunquam

362 1349 490 1417 factam
510 1350 678 1434 futuram,
698 1351 785 1416 bene
805 1349 1019 1436 dictumest,
1041 1351 1319 1438 quandoquidem
1343 1351 1501 1434 habitus,

361 1476 552 1563 passiones,
583 1477 797 1561 quantitates
827 1483 861 1541 et
890 1477 1018 1543 similia
1048 1498 1227 1562 nunquam
1256 1499 1277 1541 a
1307 1475 1504 1542 substantia

363 1607 465 1665 erunt
499 1607 682 1687 segregata
713 1600 784 1683 (sed
812 1623 882 1666 non
901 1608 952 1667 est
982 1601 1047 1667 hoe
1071 1601 1163 1687 quod
1181 1601 1241 1666 ille
1259 1623 1301 1666 ex
1319 1600 1500 1688 proposito

298 1728 339 1792 10
363 1723 475 1790 dicere
493 1725 647 1809 volebat;
668 1732 828 1812 segregat
847 1726 939 1792 enim
967 1727 1178 1793 substantias
1198 1747 1218 1791 a
1237 1724 1442 1791 substantiis
1471 1731 1506 1790 et

361 1851 491 1937 speeies
523 1872 543 1915 a
577 1851 784 1937 speciebus);
815 1858 852 1916 at
881 1859 973 1917 errat
1002 1873 1081 1917 cum
1111 1858 1262 1916 mentem
1294 1848 1503 1932 introducit,

362 1976 461 2060 quasi
487 1997 572 2062 epus
596 1974 683 2042 illud
707 1975 864 2043 adorsam
888 1975 980 2062 qued
1004 1997 1181 2062 nunquam
1203 1973 1374 2063 perficiat,
1399 1973 1507 2039 intro·

362 2104 458 2170 ducit
489 2105 616 2191 quippe
646 2103 863 2170 intellectum
889 2105 1040 2191 primum
1071 2126 1111 2169 ae
1140 2101 1169 2169 si
1193 2109 1282 2169 esset
1299 2101 1504 2189 sagittarius

363 2233 541 2299 eellimans
556 2232 599 2299 ad
615 2254 769 2319 scopum,
783 2254 884 2319 quem
899 2233 1104 2317 nunquam-l
1126 2232 1288 2320 attingat.
1303 2233 1407 2297 Errat
1423 2231 1506 2296 item
1533 2232 1612 2295 14¹·
1627 2232 1663 2296 O

299 2357 339 2422 lb
362 2359 494 2425 faciens
513 2359 772 2444 generationem
792 2359 956 2424 similium
972 2359 1125 2445 partium
1142 2381 1184 2424 ex
1197 2357 1368 2424 similibus
1385 2363 1508 2443 (quan-

362 2484 547 2570 doquidem
577 2485 708 2551 faciens
732 2486 848 2551 omnia
872 2507 914 2549 ex
944 2483 1104 2550 omnibus
1137 2483 1222 2550 facit
1246 2483 1374 2549 similia
1400 2504 1443 2547 ex
1466 2480 1507 2546 si-

361 2611 530 2696 milibus),
551 2613 642 2698 quod
662 2636 743 2678 sane
767 2621 818 2677 est
838 2618 958 2677 centra
977 2610 1211 2677 conditionem
1230 2611 1303 2677 eius
1324 2614 1328 2696 l
1351 2609 1440 2695 quod
1456 2609 1506 2674 fit.
1533 2614 1621 2678 ΒΨ
1633 2614 1681 2676 Β

361 2735 541 2802 Interdum
559 2736 651 2802 enim
667 2737 707 2802 fit
722 2736 854 2821 aliquid
871 2758 912 2800 ex
928 2734 1111 2819 similibus,
1128 2736 1217 2803 sicut
1233 2736 1346 2801 lutum
1361 2758 1403 2800 ex
1419 2734 1506 2819 lut0,

361 2884 450 2949 aqua
480 2886 522 2928 ex
552 2885 642 2948 aqua
672 2862 821 2945 elicitur,
853 2868 1070 2947 segregatum
1097 2863 1137 2927 fit
1167 2862 1250 2927 item
1269 2861 1444 2928 interdum
1459 2850 1506 2927 'ex

295 2985 339 3050 20
361 2985 600 3072 dissimilibus,
618 2988 707 3054 sieut
724 3009 813 3072 aqua
830 3009 872 3051 ex
886 2995 977 3069 aare,
996 2995 1031 3053 et
1047 2987 1167 3053 domus
1183 3009 1254 3053 non
1272 2987 1313 3052 fit
1329 3009 1370 3052 ex
1390 2987 1504 3072 dome,

362 3115 420 3182 sed
440 3137 481 3180 ex
500 3115 677 3180 lateribus

733 3392 766 3429 De
781 3389 946 3430 contrarietate
960 3389 1134 3440 principiorum.

451 3594 740 3661 Contrarietatem
767 3596 982 3661 naturalium
1008 3596 1259 3682 principiorum
1291 3603 1365 3662 tum
1384 3619 1426 3662 ex
1453 3596 1503 3661 fa·

361 3720 464 3785 mosis
479 3721 710 3808 opinionibus,
724 3723 788 3787 hoe
806 3730 857 3788 est
874 3746 915 3787 ex
931 3722 1143 3788 authoritate
1160 3723 1348 3804 communi,
1367 3730 1443 3788 tum
1461 3744 1504 3788 ex

294 3855 338 3919 25
360 3846 511 3934 propriis
526 3847 719 3912 rationibus
730 3845 939 3914 deducimus.
952 3847 1051 3925 Quod
1063 3847 1107 3913 ad
1119 3847 1268 3935 primum
1280 3847 1504 3913 manifestum

362 3979 429 4055 est,
442 3971 738 4058 quemadmodum,
759 3973 788 4038 si
807 3972 884 4057 quis
903 3972 1068 4059 inspiciat
1087 3995 1204 4038 omnes
1223 3972 1287 4037 hae
1311 3972 1387 4058 ipsa
1406 3971 1448 4037 de
1468 3994 1504 4038 re

1106 4186 1498 4194 ————-——--

456 4323 505 4371 l.2
526 4337 561 4371 ex
583 4323 746 4373 intentione
768 4329 848 4373 reeta
869 4322 891 4374 0
965 4324 980 4373 2
1001 4338 1058 4374 nna
1076 4340 1125 4372 om.
1150 4321 1172 4373 0
1238 4322 1253 4371 3
1276 4322 1457 4372 commistum
1479 4321 1506 4372 Ε

362 4402 515 4466 decepisse
530 4401 557 4450 Ε
619 4404 799 4455 laeuorsum
814 4403 840 4453 E
902 4405 931 4454 16
945 4402 1023 4467 faeitl
1040 4403 1150 4454 faciens
1163 4401 1190 4451 Ε
1252 4404 1282 4454 19
1298 4401 1505 4455 eliciatureflt

363 4483 507 4534 interdum
520 4482 590 4534 item
606 4485 627 4535 0
