<?xml version="1.0" encoding="UTF-8"?>
<!DOCTYPE html PUBLIC "-//W3C//DTD XHTML 1.0 Transitional//EN"
    "http://www.w3.org/TR/xhtml1/DTD/xhtml1-transitional.dtd">
<html xmlns="http://www.w3.org/1999/xhtml" xml:lang="en" lang="en">
 <head>
  <title>
</title>
<meta http-equiv="Content-Type" content="text/html;charset=utf-8" />
  <meta name='ocr-system' content='tesseract 3.04.00' />
  <meta name='ocr-capabilities' content='ocr_page ocr_carea ocr_par ocr_line ocrx_word'/>
</head>
<body>
  <div class='ocr_page' id='page_1' title='image "./jordanibruninol05brungoog_0657.png"; bbox 0 0 3488 5108; ppageno 0'>
   <div class='ocr_carea' id='block_1_1' title="bbox 313 404 1017 469">
    <p class='ocr_par' dir='ltr' id='par_1_1' title="bbox 313 404 1017 469">
     <span class='ocr_line' id='line_1_1' title="bbox 313 404 1017 469; baseline 0.009 -6"><span class='ocrx_word' id='word_1_1' title='bbox 313 404 373 464; x_wconf 76' lang='lat'>590</span> <span class='ocrx_word' id='word_1_2' title='bbox 753 421 894 468; x_wconf 75' lang='lat' dir='ltr'>rounam</span> <span class='ocrx_word' id='word_1_3' title='bbox 915 421 1017 469; x_wconf 81' lang='lat' dir='ltr'>aavru</span> 
     </span>
    </p>
   </div>
   <div class='ocr_carea' id='block_1_2' title="bbox 268 576 1580 1393">
    <p class='ocr_par' dir='ltr' id='par_1_2' title="bbox 268 576 1580 1393">
     <span class='ocr_line' id='line_1_2' title="bbox 403 576 1580 663; baseline -0.001 -21"><span class='ocrx_word' id='word_1_4' title='bbox 403 583 422 660; x_wconf 64' lang='grc' dir='ltr'>ξ</span> <span class='ocrx_word' id='word_1_5' title='bbox 439 576 556 642; x_wconf 90' lang='lat' dir='ltr'>IV.·In</span> <span class='ocrx_word' id='word_1_6' title='bbox 569 576 669 643; x_wconf 88' lang='lat' dir='ltr'>domo</span> <span class='ocrx_word' id='word_1_7' title='bbox 683 577 747 642; x_wconf 84' lang='grc' dir='ltr'>ΕΑ</span> <span class='ocrx_word' id='word_1_8' title='bbox 764 578 793 642; x_wconf 89' lang='lat' dir='ltr'>F</span> <span class='ocrx_word' id='word_1_9' title='bbox 815 577 924 644; x_wconf 86' lang='lat' dir='ltr'>vincit</span> <span class='ocrx_word' id='word_1_10' title='bbox 943 577 985 663; x_wconf 89' lang='lat' dir='ltr'>A,</span> <span class='ocrx_word' id='word_1_11' title='bbox 1001 585 1042 644; x_wconf 90' lang='grc'>01</span> <span class='ocrx_word' id='word_1_12' title='bbox 1059 577 1097 644; x_wconf 92' lang='grc'>10</span> <span class='ocrx_word' id='word_1_13' title='bbox 1108 578 1212 647; x_wconf 86' lang='lat' dir='ltr'>tertia</span> <span class='ocrx_word' id='word_1_14' title='bbox 1227 578 1466 645; x_wconf 70' lang='lat' dir='ltr'>circulatione.</span> <span class='ocrx_word' id='word_1_15' title='bbox 1494 578 1580 642; x_wconf 72' lang='lat'>61&#39;</span> 
     </span>
     <span class='ocr_line' id='line_1_3' title="bbox 314 701 1469 789; baseline 0.002 -23"><span class='ocrx_word' id='word_1_16' title='bbox 314 703 356 767; x_wconf 90' lang='lat' dir='ltr'>In</span> <span class='ocrx_word' id='word_1_17' title='bbox 376 702 476 769; x_wconf 89' lang='lat' dir='ltr'>domo</span> <span class='ocrx_word' id='word_1_18' title='bbox 493 701 551 766; x_wconf 84' lang='lat' dir='ltr'>OE</span> <span class='ocrx_word' id='word_1_19' title='bbox 570 708 623 767; x_wconf 83' lang='lat' dir='ltr'>est</span> <span class='ocrx_word' id='word_1_20' title='bbox 640 701 794 788; x_wconf 85' lang='lat' dir='ltr'>aequalis</span> <span class='ocrx_word' id='word_1_21' title='bbox 813 704 1054 786; x_wconf 76' lang='lat' dir='ltr'>contrarietas,</span> <span class='ocrx_word' id='word_1_22' title='bbox 1079 713 1119 770; x_wconf 89' lang='lat' dir='ltr'>ut</span> <span class='ocrx_word' id='word_1_23' title='bbox 1141 704 1274 770; x_wconf 88' lang='lat' dir='ltr'>dictum</span> <span class='ocrx_word' id='word_1_24' title='bbox 1293 711 1361 789; x_wconf 87' lang='lat' dir='ltr'>est,</span> <span class='ocrx_word' id='word_1_25' title='bbox 1379 712 1419 770; x_wconf 89' lang='lat' dir='ltr'>et</span> <span class='ocrx_word' id='word_1_26' title='bbox 1439 702 1469 768; x_wconf 81' lang='lat' dir='ltr'><strong><em>G</em></strong></span> 
     </span>
     <span class='ocr_line' id='line_1_4' title="bbox 313 827 1467 913; baseline 0.003 -21"><span class='ocrx_word' id='word_1_27' title='bbox 313 827 448 894; x_wconf 85' lang='lat' dir='ltr'>ratione</span> <span class='ocrx_word' id='word_1_28' title='bbox 478 827 611 893; x_wconf 89' lang='lat' dir='ltr'>altioris</span> <span class='ocrx_word' id='word_1_29' title='bbox 640 827 793 913; x_wconf 82' lang='lat' dir='ltr'>regionis</span> <span class='ocrx_word' id='word_1_30' title='bbox 820 833 872 894; x_wconf 85' lang='lat' dir='ltr'>est</span> <span class='ocrx_word' id='word_1_31' title='bbox 895 828 1072 913; x_wconf 87' lang='lat' dir='ltr'>dominus,</span> <span class='ocrx_word' id='word_1_32' title='bbox 1093 831 1123 895; x_wconf 90' lang='lat' dir='ltr'>E</span> <span class='ocrx_word' id='word_1_33' title='bbox 1147 852 1275 897; x_wconf 83' lang='lat' dir='ltr'>servus.</span> <span class='ocrx_word' id='word_1_34' title='bbox 1297 829 1340 895; x_wconf 92' lang='lat' dir='ltr'>In</span> <span class='ocrx_word' id='word_1_35' title='bbox 1359 828 1467 896; x_wconf 89' lang='lat' dir='ltr'>domo</span> 
     </span>
     <span class='ocr_line' id='line_1_5' title="bbox 315 950 1467 1035; baseline 0.001 -17"><span class='ocrx_word' id='word_1_36' title='bbox 315 953 378 1018; x_wconf 69' lang='grc' dir='ltr'>ΘΒ</span> <span class='ocrx_word' id='word_1_37' title='bbox 404 950 437 1016; x_wconf 77' lang='lat' dir='ltr'><strong>G</strong></span> <span class='ocrx_word' id='word_1_38' title='bbox 455 951 566 1018; x_wconf 86' lang='lat' dir='ltr'>vincit</span> <span class='ocrx_word' id='word_1_39' title='bbox 585 953 628 1035; x_wconf 88' lang='lat' dir='ltr'>B,</span> <span class='ocrx_word' id='word_1_40' title='bbox 649 958 688 1018; x_wconf 89' lang='lat' dir='ltr'>ut</span> <span class='ocrx_word' id='word_1_41' title='bbox 707 952 745 1018; x_wconf 92' lang='lat' dir='ltr'>in</span> <span class='ocrx_word' id='word_1_42' title='bbox 772 953 876 1019; x_wconf 84' lang='lat' dir='ltr'>tertia</span> <span class='ocrx_word' id='word_1_43' title='bbox 896 952 1027 1020; x_wconf 84' lang='lat' dir='ltr'>dictum</span> <span class='ocrx_word' id='word_1_44' title='bbox 1051 959 1113 1021; x_wconf 86' lang='lat' dir='ltr'>est.</span> <span class='ocrx_word' id='word_1_45' title='bbox 1135 954 1179 1020; x_wconf 88' lang='lat' dir='ltr'>In</span> <span class='ocrx_word' id='word_1_46' title='bbox 1204 954 1305 1021; x_wconf 84' lang='lat' dir='ltr'>domo</span> <span class='ocrx_word' id='word_1_47' title='bbox 1325 955 1389 1020; x_wconf 80' lang='lat' dir='ltr'>DF</span> <span class='ocrx_word' id='word_1_48' title='bbox 1410 960 1467 1020; x_wconf 80' lang='lat' dir='ltr'>est</span> 
     </span>
     <span class='ocr_line' id='line_1_6' title="bbox 268 1073 1466 1163; baseline 0.004 -26"><span class='ocrx_word' id='word_1_49' title='bbox 268 1073 289 1136; x_wconf 83' lang='lat'>5</span> <span class='ocrx_word' id='word_1_50' title='bbox 312 1075 466 1163; x_wconf 85' lang='lat' dir='ltr'>aequalis</span> <span class='ocrx_word' id='word_1_51' title='bbox 486 1076 726 1161; x_wconf 68' lang='lat' dir='ltr'>contrarietate,</span> <span class='ocrx_word' id='word_1_52' title='bbox 741 1085 781 1143; x_wconf 90' lang='lat' dir='ltr'>ut</span> <span class='ocrx_word' id='word_1_53' title='bbox 793 1077 925 1144; x_wconf 84' lang='lat' dir='ltr'>dicturir</span> <span class='ocrx_word' id='word_1_54' title='bbox 944 1085 1008 1162; x_wconf 87' lang='lat' dir='ltr'>est,</span> <span class='ocrx_word' id='word_1_55' title='bbox 1026 1079 1087 1144; x_wconf 82' lang='lat' dir='ltr'>sed</span> <span class='ocrx_word' id='word_1_56' title='bbox 1101 1078 1158 1144; x_wconf 91' lang='lat' dir='ltr'>hic</span> <span class='ocrx_word' id='word_1_57' title='bbox 1172 1079 1308 1145; x_wconf 84' lang='lat' dir='ltr'>ratione</span> <span class='ocrx_word' id='word_1_58' title='bbox 1325 1076 1466 1144; x_wconf 80' lang='lat' dir='ltr'>altioris</span> 
     </span>
     <span class='ocr_line' id='line_1_7' title="bbox 313 1200 1467 1289; baseline 0 -24"><span class='ocrx_word' id='word_1_59' title='bbox 313 1200 464 1289; x_wconf 81' lang='lat' dir='ltr'>regionis</span> <span class='ocrx_word' id='word_1_60' title='bbox 484 1202 515 1266; x_wconf 94' lang='lat' dir='ltr'>D</span> <span class='ocrx_word' id='word_1_61' title='bbox 537 1207 589 1268; x_wconf 86' lang='lat' dir='ltr'>est</span> <span class='ocrx_word' id='word_1_62' title='bbox 603 1201 774 1268; x_wconf 84' lang='lat' dir='ltr'>dominus.</span> <span class='ocrx_word' id='word_1_63' title='bbox 791 1203 835 1267; x_wconf 90' lang='lat' dir='ltr'>In</span> <span class='ocrx_word' id='word_1_64' title='bbox 853 1202 953 1270; x_wconf 87' lang='lat' dir='ltr'>domo</span> <span class='ocrx_word' id='word_1_65' title='bbox 972 1203 1035 1270; x_wconf 83' lang='lat' dir='ltr'>HG</span> <span class='ocrx_word' id='word_1_66' title='bbox 1054 1204 1081 1268; x_wconf 82' lang='lat' dir='ltr'><strong>G</strong></span> <span class='ocrx_word' id='word_1_67' title='bbox 1100 1202 1226 1287; x_wconf 84' lang='lat' dir='ltr'>vincit,</span> <span class='ocrx_word' id='word_1_68' title='bbox 1246 1209 1286 1268; x_wconf 89' lang='lat' dir='ltr'>ut</span> <span class='ocrx_word' id='word_1_69' title='bbox 1301 1202 1339 1268; x_wconf 90' lang='lat' dir='ltr'>in</span> <span class='ocrx_word' id='word_1_70' title='bbox 1354 1201 1467 1268; x_wconf 87' lang='lat' dir='ltr'>tertia</span> 
     </span>
     <span class='ocr_line' id='line_1_8' title="bbox 312 1321 531 1393; baseline 0.005 -2"><span class='ocrx_word' id='word_1_71' title='bbox 312 1326 444 1392; x_wconf 86' lang='lat' dir='ltr'>dictum</span> <span class='ocrx_word' id='word_1_72' title='bbox 464 1321 531 1393; x_wconf 74' lang='lat' dir='ltr'>est.¹</span> 
     </span>
    </p>
   </div>
   <div class='ocr_carea' id='block_1_3' title="bbox 752 1572 1024 1638">
    <p class='ocr_par' dir='ltr' id='par_1_3' title="bbox 752 1572 1024 1638">
     <span class='ocr_line' id='line_1_9' title="bbox 752 1572 1024 1638; baseline 0.007 -2"><span class='ocrx_word' id='word_1_73' title='bbox 752 1572 904 1638; x_wconf 82' lang='lat' dir='ltr'>CAPVT</span> <span class='ocrx_word' id='word_1_74' title='bbox 929 1572 1024 1638; x_wconf 85' lang='lat' dir='ltr'>VIII.</span> 
     </span>
    </p>
   </div>
   <div class='ocr_carea' id='block_1_4' title="bbox 248 1821 1463 2403">
    <p class='ocr_par' dir='ltr' id='par_1_4' title="bbox 401 1821 1463 1889">
     <span class='ocr_line' id='line_1_10' title="bbox 401 1821 1463 1889; baseline 0 -2"><span class='ocrx_word' id='word_1_75' title='bbox 401 1824 524 1889; x_wconf 84' lang='lat' dir='ltr'>Sexta</span> <span class='ocrx_word' id='word_1_76' title='bbox 548 1821 776 1888; x_wconf 88' lang='lat' dir='ltr'>circulatio.</span> <span class='ocrx_word' id='word_1_77' title='bbox 789 1860 831 1871; x_wconf 89' lang='lat'><em>-</em></span> <span class='ocrx_word' id='word_1_78' title='bbox 844 1821 968 1887; x_wconf 85' lang='lat' dir='ltr'>Sextae</span> <span class='ocrx_word' id='word_1_79' title='bbox 985 1821 1220 1887; x_wconf 84' lang='lat' dir='ltr'>circulationis</span> <span class='ocrx_word' id='word_1_80' title='bbox 1239 1821 1361 1887; x_wconf 80' lang='lat' dir='ltr'>domus</span> <span class='ocrx_word' id='word_1_81' title='bbox 1377 1831 1463 1887; x_wconf 88' lang='lat' dir='ltr'>sunt</span> 
     </span>
    </p>

    <p class='ocr_par' dir='ltr' id='par_1_5' title="bbox 248 1945 1462 2403">
     <span class='ocr_line' id='line_1_11' title="bbox 248 1945 1078 2032; baseline 0.006 -26"><span class='ocrx_word' id='word_1_82' title='bbox 248 1945 289 2007; x_wconf 87' lang='lat'>10</span> <span class='ocrx_word' id='word_1_83' title='bbox 312 1948 393 2032; x_wconf 87' lang='lat' dir='ltr'>AD,</span> <span class='ocrx_word' id='word_1_84' title='bbox 414 1949 495 2031; x_wconf 98' lang='grc' dir='ltr'>ΕΗ,</span> <span class='ocrx_word' id='word_1_85' title='bbox 515 1948 594 2030; x_wconf 89' lang='lat' dir='ltr'>BA,</span> <span class='ocrx_word' id='word_1_86' title='bbox 615 1947 693 2031; x_wconf 82' lang='grc' dir='ltr'>ΕΕ,</span> <span class='ocrx_word' id='word_1_87' title='bbox 714 1947 786 2031; x_wconf 80' lang='lat' dir='ltr'>OB,</span> <span class='ocrx_word' id='word_1_88' title='bbox 808 1946 886 2030; x_wconf 68' lang='lat' dir='ltr'>Gn,</span> <span class='ocrx_word' id='word_1_89' title='bbox 907 1946 983 2031; x_wconf 83' lang='lat' dir='ltr'>DC,</span> <span class='ocrx_word' id='word_1_90' title='bbox 1000 1945 1078 2011; x_wconf 83' lang='lat' dir='ltr'>HG.</span> 
     </span>
     <span class='ocr_line' id='line_1_12' title="bbox 400 2071 1461 2160; baseline -0.002 -23"><span class='ocrx_word' id='word_1_91' title='bbox 400 2075 442 2139; x_wconf 90' lang='lat' dir='ltr'>In</span> <span class='ocrx_word' id='word_1_92' title='bbox 460 2074 574 2160; x_wconf 83' lang='lat' dir='ltr'>prima</span> <span class='ocrx_word' id='word_1_93' title='bbox 593 2074 693 2139; x_wconf 76' lang='lat' dir='ltr'>clomo</span> <span class='ocrx_word' id='word_1_94' title='bbox 721 2072 785 2136; x_wconf 88' lang='lat' dir='ltr'>AD</span> <span class='ocrx_word' id='word_1_95' title='bbox 814 2073 846 2138; x_wconf 90' lang='lat' dir='ltr'>A</span> <span class='ocrx_word' id='word_1_96' title='bbox 876 2071 987 2138; x_wconf 86' lang='lat' dir='ltr'>vincit</span> <span class='ocrx_word' id='word_1_97' title='bbox 1007 2072 1052 2155; x_wconf 91' lang='lat' dir='ltr'>D,</span> <span class='ocrx_word' id='word_1_98' title='bbox 1072 2079 1112 2147; x_wconf 84' lang='grc'>01</span> <span class='ocrx_word' id='word_1_99' title='bbox 1130 2071 1262 2137; x_wconf 87' lang='lat' dir='ltr'>dictum</span> <span class='ocrx_word' id='word_1_100' title='bbox 1282 2078 1334 2137; x_wconf 84' lang='lat' dir='ltr'>est</span> <span class='ocrx_word' id='word_1_101' title='bbox 1352 2071 1389 2137; x_wconf 90' lang='lat' dir='ltr'>in</span> <span class='ocrx_word' id='word_1_102' title='bbox 1409 2095 1461 2137; x_wconf 84' lang='lat' dir='ltr'>se·</span> 
     </span>
     <span class='ocr_line' id='line_1_13' title="bbox 311 2195 1462 2280; baseline -0.003 -15"><span class='ocrx_word' id='word_1_103' title='bbox 311 2198 423 2265; x_wconf 88' lang='lat' dir='ltr'>cunda</span> <span class='ocrx_word' id='word_1_104' title='bbox 442 2199 677 2265; x_wconf 79' lang='lat' dir='ltr'>circulatione.</span> <span class='ocrx_word' id='word_1_105' title='bbox 696 2197 739 2263; x_wconf 90' lang='lat' dir='ltr'>In</span> <span class='ocrx_word' id='word_1_106' title='bbox 758 2196 859 2280; x_wconf 79' lang='lat' dir='ltr'>domo</span> <span class='ocrx_word' id='word_1_107' title='bbox 875 2197 940 2262; x_wconf 87' lang='grc' dir='ltr'>ΕΗ</span> <span class='ocrx_word' id='word_1_108' title='bbox 959 2198 990 2262; x_wconf 95' lang='grc' dir='ltr'><strong>Ε</strong></span> <span class='ocrx_word' id='word_1_109' title='bbox 1005 2196 1117 2262; x_wconf 89' lang='lat' dir='ltr'>vincit</span> <span class='ocrx_word' id='word_1_110' title='bbox 1132 2195 1182 2278; x_wconf 91' lang='lat' dir='ltr'>H,</span> <span class='ocrx_word' id='word_1_111' title='bbox 1201 2196 1294 2262; x_wconf 89' lang='lat' dir='ltr'>utin</span> <span class='ocrx_word' id='word_1_112' title='bbox 1309 2195 1462 2263; x_wconf 85' lang='lat' dir='ltr'>secunda</span> 
     </span>
     <span class='ocr_line' id='line_1_14' title="bbox 310 2320 1461 2403; baseline -0.003 -14"><span class='ocrx_word' id='word_1_113' title='bbox 310 2323 535 2389; x_wconf 85' lang='lat' dir='ltr'>circulatione</span> <span class='ocrx_word' id='word_1_114' title='bbox 552 2323 692 2391; x_wconf 85' lang='lat' dir='ltr'>dictum.</span> <span class='ocrx_word' id='word_1_115' title='bbox 705 2323 749 2389; x_wconf 91' lang='lat' dir='ltr'>Iu</span> <span class='ocrx_word' id='word_1_116' title='bbox 762 2321 863 2389; x_wconf 90' lang='lat' dir='ltr'>domo</span> <span class='ocrx_word' id='word_1_117' title='bbox 881 2322 944 2386; x_wconf 90' lang='lat' dir='ltr'>BA</span> <span class='ocrx_word' id='word_1_118' title='bbox 959 2321 989 2386; x_wconf 92' lang='lat' dir='ltr'>B</span> <span class='ocrx_word' id='word_1_119' title='bbox 1005 2321 1117 2387; x_wconf 83' lang='lat' dir='ltr'>vincit</span> <span class='ocrx_word' id='word_1_120' title='bbox 1133 2320 1181 2403; x_wconf 90' lang='lat' dir='ltr'>A,</span> <span class='ocrx_word' id='word_1_121' title='bbox 1199 2327 1239 2387; x_wconf 93' lang='grc'>01</span> <span class='ocrx_word' id='word_1_122' title='bbox 1254 2320 1292 2386; x_wconf 87' lang='grc'>10</span> <span class='ocrx_word' id='word_1_123' title='bbox 1307 2320 1461 2387; x_wconf 89' lang='lat' dir='ltr'>secunda</span> 
     </span>
    </p>
   </div>
   <div class='ocr_carea' id='block_1_5' title="bbox 312 2445 1461 2530">
    <p class='ocr_par' dir='ltr' id='par_1_6' title="bbox 312 2445 1461 2530">
     <span class='ocr_line' id='line_1_15' title="bbox 312 2445 1461 2530; baseline -0.001 -17"><span class='ocrx_word' id='word_1_124' title='bbox 312 2448 544 2514; x_wconf 78' lang='lat' dir='ltr'>circulatione.</span> <span class='ocrx_word' id='word_1_125' title='bbox 564 2449 607 2514; x_wconf 94' lang='lat' dir='ltr'>In</span> <span class='ocrx_word' id='word_1_126' title='bbox 626 2447 728 2514; x_wconf 84' lang='lat' dir='ltr'>domo</span> <span class='ocrx_word' id='word_1_127' title='bbox 746 2447 807 2511; x_wconf 83' lang='grc' dir='ltr'>ΕΕ</span> <span class='ocrx_word' id='word_1_128' title='bbox 825 2447 855 2512; x_wconf 81' lang='grc' dir='ltr'><strong>Ε</strong></span> <span class='ocrx_word' id='word_1_129' title='bbox 875 2445 985 2512; x_wconf 88' lang='lat' dir='ltr'>vincit</span> <span class='ocrx_word' id='word_1_130' title='bbox 1005 2447 1049 2530; x_wconf 86' lang='lat' dir='ltr'>E,</span> <span class='ocrx_word' id='word_1_131' title='bbox 1066 2453 1106 2511; x_wconf 88' lang='lat' dir='ltr'>ut</span> <span class='ocrx_word' id='word_1_132' title='bbox 1124 2445 1163 2510; x_wconf 91' lang='lat' dir='ltr'>in</span> <span class='ocrx_word' id='word_1_133' title='bbox 1182 2446 1332 2512; x_wconf 84' lang='lat' dir='ltr'>secunda.</span> <span class='ocrx_word' id='word_1_134' title='bbox 1351 2446 1461 2512; x_wconf 90' lang='lat' dir='ltr'>circu·</span> 
     </span>
    </p>
   </div>
   <div class='ocr_carea' id='block_1_6' title="bbox 246 2570 1459 2905">
    <p class='ocr_par' dir='ltr' id='par_1_7' title="bbox 246 2570 1459 2905">
     <span class='ocr_line' id='line_1_16' title="bbox 246 2570 1457 2655; baseline -0.002 -17"><span class='ocrx_word' id='word_1_135' title='bbox 246 2575 288 2639; x_wconf 79' lang='grc'>15</span> <span class='ocrx_word' id='word_1_136' title='bbox 310 2573 449 2639; x_wconf 86' lang='lat' dir='ltr'>latione.</span> <span class='ocrx_word' id='word_1_137' title='bbox 468 2574 511 2638; x_wconf 90' lang='lat' dir='ltr'>In</span> <span class='ocrx_word' id='word_1_138' title='bbox 528 2574 628 2639; x_wconf 87' lang='lat' dir='ltr'>domo</span> <span class='ocrx_word' id='word_1_139' title='bbox 647 2572 704 2638; x_wconf 87' lang='lat' dir='ltr'>CB</span> <span class='ocrx_word' id='word_1_140' title='bbox 729 2573 755 2638; x_wconf 80' lang='lat' dir='ltr'>O</span> <span class='ocrx_word' id='word_1_141' title='bbox 775 2572 885 2637; x_wconf 90' lang='lat' dir='ltr'>vincit</span> <span class='ocrx_word' id='word_1_142' title='bbox 903 2571 950 2655; x_wconf 89' lang='lat' dir='ltr'>B,</span> <span class='ocrx_word' id='word_1_143' title='bbox 970 2577 1010 2637; x_wconf 90' lang='grc'>01</span> <span class='ocrx_word' id='word_1_144' title='bbox 1032 2570 1171 2637; x_wconf 88' lang='lat' dir='ltr'>ibidem.</span> <span class='ocrx_word' id='word_1_145' title='bbox 1193 2572 1235 2637; x_wconf 94' lang='lat' dir='ltr'>In</span> <span class='ocrx_word' id='word_1_146' title='bbox 1261 2570 1361 2637; x_wconf 88' lang='lat' dir='ltr'>domo</span> <span class='ocrx_word' id='word_1_147' title='bbox 1391 2571 1457 2637; x_wconf 70' lang='grc' dir='ltr'>ΘΕ</span> 
     </span>
     <span class='ocr_line' id='line_1_17' title="bbox 311 2693 1459 2783; baseline -0.002 -20"><span class='ocrx_word' id='word_1_148' title='bbox 311 2698 343 2763; x_wconf 85' lang='lat' dir='ltr'>G</span> <span class='ocrx_word' id='word_1_149' title='bbox 362 2697 473 2764; x_wconf 87' lang='lat' dir='ltr'>vineit</span> <span class='ocrx_word' id='word_1_150' title='bbox 491 2699 535 2783; x_wconf 84' lang='grc' dir='ltr'>Ε,</span> <span class='ocrx_word' id='word_1_151' title='bbox 548 2705 589 2764; x_wconf 88' lang='grc'>01</span> <span class='ocrx_word' id='word_1_152' title='bbox 601 2698 733 2764; x_wconf 85' lang='lat' dir='ltr'>dictum</span> <span class='ocrx_word' id='word_1_153' title='bbox 752 2697 890 2764; x_wconf 86' lang='lat' dir='ltr'>ibidem.</span> <span class='ocrx_word' id='word_1_154' title='bbox 910 2698 953 2762; x_wconf 92' lang='lat' dir='ltr'>In</span> <span class='ocrx_word' id='word_1_155' title='bbox 971 2695 1073 2763; x_wconf 90' lang='lat' dir='ltr'>domo</span> <span class='ocrx_word' id='word_1_156' title='bbox 1092 2696 1153 2762; x_wconf 84' lang='lat' dir='ltr'>DC</span> <span class='ocrx_word' id='word_1_157' title='bbox 1173 2697 1205 2762; x_wconf 92' lang='lat' dir='ltr'>D</span> <span class='ocrx_word' id='word_1_158' title='bbox 1221 2693 1335 2761; x_wconf 77' lang='lat' dir='ltr'>&#39;vincit</span> <span class='ocrx_word' id='word_1_159' title='bbox 1354 2695 1395 2779; x_wconf 84' lang='grc' dir='ltr'>Ο,</span> <span class='ocrx_word' id='word_1_160' title='bbox 1416 2702 1459 2762; x_wconf 88' lang='grc'>01</span> 
     </span>
     <span class='ocr_line' id='line_1_18' title="bbox 311 2821 1458 2905; baseline -0.003 -16"><span class='ocrx_word' id='word_1_161' title='bbox 311 2824 449 2889; x_wconf 86' lang='lat' dir='ltr'>ibidem.</span> <span class='ocrx_word' id='word_1_162' title='bbox 473 2825 516 2888; x_wconf 90' lang='lat' dir='ltr'>In</span> <span class='ocrx_word' id='word_1_163' title='bbox 541 2824 642 2890; x_wconf 90' lang='lat' dir='ltr'>domo</span> <span class='ocrx_word' id='word_1_164' title='bbox 671 2823 738 2887; x_wconf 84' lang='lat' dir='ltr'>HG</span> <span class='ocrx_word' id='word_1_165' title='bbox 768 2824 803 2886; x_wconf 90' lang='lat' dir='ltr'><strong>H</strong></span> <span class='ocrx_word' id='word_1_166' title='bbox 821 2822 933 2888; x_wconf 87' lang='lat' dir='ltr'>vincit</span> <span class='ocrx_word' id='word_1_167' title='bbox 952 2822 996 2905; x_wconf 81' lang='lat' dir='ltr'>G,</span> <span class='ocrx_word' id='word_1_168' title='bbox 1018 2830 1057 2886; x_wconf 91' lang='grc'>01</span> <span class='ocrx_word' id='word_1_169' title='bbox 1087 2822 1125 2886; x_wconf 85' lang='lat' dir='ltr'>in</span> <span class='ocrx_word' id='word_1_170' title='bbox 1145 2821 1294 2886; x_wconf 85' lang='lat' dir='ltr'>secunda</span> <span class='ocrx_word' id='word_1_171' title='bbox 1313 2821 1458 2886; x_wconf 87' lang='lat' dir='ltr'>circula-</span> 
     </span>
    </p>
   </div>
   <div class='ocr_carea' id='block_1_7' title="bbox 227 2949 565 3014">
    <p class='ocr_par' dir='ltr' id='par_1_8' title="bbox 227 2949 565 3014">
     <span class='ocr_line' id='line_1_19' title="bbox 227 2949 565 3014; baseline 0.003 -1"><span class='ocrx_word' id='word_1_172' title='bbox 227 2970 237 2985; x_wconf 92' lang='lat'><strong>·</strong></span> <span class='ocrx_word' id='word_1_173' title='bbox 310 2950 405 3014; x_wconf 85' lang='lat' dir='ltr'>tione</span> <span class='ocrx_word' id='word_1_174' title='bbox 424 2949 565 3014; x_wconf 85' lang='lat' dir='ltr'>dictum.</span> 
     </span>
    </p>
   </div>
   <div class='ocr_carea' id='block_1_8' title="bbox 759 3213 998 3279">
    <p class='ocr_par' dir='ltr' id='par_1_9' title="bbox 759 3213 998 3279">
     <span class='ocr_line' id='line_1_20' title="bbox 759 3213 998 3279; baseline 0.008 -3"><span class='ocrx_word' id='word_1_175' title='bbox 759 3213 910 3279; x_wconf 79' lang='lat' dir='ltr'>CAPV&#39;I</span> <span class='ocrx_word' id='word_1_176' title='bbox 935 3215 998 3278; x_wconf 89' lang='lat' dir='ltr'>IX.</span> 
     </span>
    </p>
   </div>
   <div class='ocr_carea' id='block_1_9' title="bbox 241 3456 1457 4294">
    <p class='ocr_par' dir='ltr' id='par_1_10' title="bbox 242 3456 1456 3668">
     <span class='ocr_line' id='line_1_21' title="bbox 242 3456 1456 3545; baseline -0.002 -22"><span class='ocrx_word' id='word_1_177' title='bbox 242 3463 286 3524; x_wconf 69' lang='lat'>‘20</span> <span class='ocrx_word' id='word_1_178' title='bbox 399 3458 581 3545; x_wconf 76' lang='lat' dir='ltr'>Septima</span> <span class='ocrx_word' id='word_1_179' title='bbox 610 3458 841 3523; x_wconf 83' lang='lat' dir='ltr'>circulatio</span> <span class='ocrx_word' id='word_1_180' title='bbox 864 3498 903 3505; x_wconf 98' lang='lat'>--</span> <span class='ocrx_word' id='word_1_181' title='bbox 925 3457 1100 3544; x_wconf 82' lang='lat' dir='ltr'>Septimae</span> <span class='ocrx_word' id='word_1_182' title='bbox 1132 3456 1366 3522; x_wconf 82' lang='lat' dir='ltr'>circulationis</span> <span class='ocrx_word' id='word_1_183' title='bbox 1397 3456 1456 3520; x_wconf 79' lang='lat' dir='ltr'>(lo</span> 
     </span>
     <span class='ocr_line' id='line_1_22' title="bbox 309 3582 1273 3668; baseline -0.003 -19"><span class='ocrx_word' id='word_1_184' title='bbox 309 3607 385 3649; x_wconf 85' lang='lat' dir='ltr'>mus</span> <span class='ocrx_word' id='word_1_185' title='bbox 404 3592 486 3648; x_wconf 80' lang='lat' dir='ltr'>sunt</span> <span class='ocrx_word' id='word_1_186' title='bbox 503 3583 589 3668; x_wconf 89' lang='grc' dir='ltr'>ΑΗ,</span> <span class='ocrx_word' id='word_1_187' title='bbox 612 3584 689 3666; x_wconf 85' lang='lat' dir='ltr'>EA,</span> <span class='ocrx_word' id='word_1_188' title='bbox 710 3583 783 3666; x_wconf 86' lang='grc' dir='ltr'>ΒΕ,</span> <span class='ocrx_word' id='word_1_189' title='bbox 803 3584 883 3665; x_wconf 84' lang='grc' dir='ltr'>ΕΒ,</span> <span class='ocrx_word' id='word_1_190' title='bbox 902 3583 973 3665; x_wconf 79' lang='grc' dir='ltr'>ΟΕ,</span> <span class='ocrx_word' id='word_1_191' title='bbox 995 3582 1072 3667; x_wconf 81' lang='lat' dir='ltr'>GC,</span> <span class='ocrx_word' id='word_1_192' title='bbox 1093 3583 1174 3668; x_wconf 81' lang='lat' dir='ltr'>DG,</span> <span class='ocrx_word' id='word_1_193' title='bbox 1195 3583 1273 3646; x_wconf 91' lang='lat' dir='ltr'>HD.</span> 
     </span>
    </p>

    <p class='ocr_par' dir='ltr' id='par_1_11' title="bbox 308 3694 1457 4042">
     <span class='ocr_line' id='line_1_23' title="bbox 397 3694 1457 3794; baseline 0 -22"><span class='ocrx_word' id='word_1_194' title='bbox 397 3710 439 3773; x_wconf 89' lang='lat' dir='ltr'>In</span> <span class='ocrx_word' id='word_1_195' title='bbox 459 3708 572 3794; x_wconf 85' lang='lat' dir='ltr'>prima</span> <span class='ocrx_word' id='word_1_196' title='bbox 592 3694 692 3773; x_wconf 87' lang='lat' dir='ltr'>domo</span> <span class='ocrx_word' id='word_1_197' title='bbox 712 3708 780 3771; x_wconf 90' lang='grc' dir='ltr'>ΑΗ</span> <span class='ocrx_word' id='word_1_198' title='bbox 798 3708 830 3771; x_wconf 94' lang='lat' dir='ltr'>A</span> <span class='ocrx_word' id='word_1_199' title='bbox 848 3707 959 3773; x_wconf 86' lang='lat' dir='ltr'>vincit</span> <span class='ocrx_word' id='word_1_200' title='bbox 978 3707 1026 3792; x_wconf 88' lang='lat' dir='ltr'>H,</span> <span class='ocrx_word' id='word_1_201' title='bbox 1048 3715 1088 3773; x_wconf 86' lang='lat' dir='ltr'>ut</span> <span class='ocrx_word' id='word_1_202' title='bbox 1106 3709 1144 3773; x_wconf 91' lang='lat' dir='ltr'>in</span> <span class='ocrx_word' id='word_1_203' title='bbox 1173 3707 1286 3793; x_wconf 87' lang='lat' dir='ltr'>prima</span> <span class='ocrx_word' id='word_1_204' title='bbox 1314 3706 1457 3772; x_wconf 86' lang='lat' dir='ltr'>circula·</span> 
     </span>
     <span class='ocr_line' id='line_1_24' title="bbox 309 3832 1456 3931; baseline -0.002 -33"><span class='ocrx_word' id='word_1_205' title='bbox 309 3835 401 3900; x_wconf 86' lang='lat' dir='ltr'>tione</span> <span class='ocrx_word' id='word_1_206' title='bbox 421 3834 552 3899; x_wconf 88' lang='lat' dir='ltr'>dictum</span> <span class='ocrx_word' id='word_1_207' title='bbox 572 3840 632 3898; x_wconf 80' lang='lat' dir='ltr'>est.</span> <span class='ocrx_word' id='word_1_208' title='bbox 653 3833 694 3931; x_wconf 74' lang='lat' dir='ltr'>In</span> <span class='ocrx_word' id='word_1_209' title='bbox 712 3832 812 3897; x_wconf 89' lang='lat' dir='ltr'>domo</span> <span class='ocrx_word' id='word_1_210' title='bbox 832 3833 895 3896; x_wconf 87' lang='lat' dir='ltr'>EA</span> <span class='ocrx_word' id='word_1_211' title='bbox 919 3839 970 3897; x_wconf 84' lang='lat' dir='ltr'>est</span> <span class='ocrx_word' id='word_1_212' title='bbox 1001 3833 1208 3919; x_wconf 80' lang='lat' dir='ltr'>aequalitaS,</span> <span class='ocrx_word' id='word_1_213' title='bbox 1228 3832 1323 3897; x_wconf 88' lang='lat' dir='ltr'>utin</span> <span class='ocrx_word' id='word_1_214' title='bbox 1341 3832 1456 3919; x_wconf 89' lang='lat' dir='ltr'>prima</span> 
     </span>
     <span class='ocr_line' id='line_1_25' title="bbox 308 3956 1455 4042; baseline -0.003 -17"><span class='ocrx_word' id='word_1_215' title='bbox 308 3960 532 4025; x_wconf 85' lang='lat' dir='ltr'>circulatione</span> <span class='ocrx_word' id='word_1_216' title='bbox 557 3958 697 4024; x_wconf 77' lang='lat' dir='ltr'>(lictum.</span> <span class='ocrx_word' id='word_1_217' title='bbox 726 3959 768 4022; x_wconf 87' lang='lat' dir='ltr'>Iu</span> <span class='ocrx_word' id='word_1_218' title='bbox 792 3958 892 4022; x_wconf 83' lang='lat' dir='ltr'>(lomo</span> <span class='ocrx_word' id='word_1_219' title='bbox 917 3959 978 4023; x_wconf 88' lang='grc' dir='ltr'>ΒΕ</span> <span class='ocrx_word' id='word_1_220' title='bbox 1004 3960 1034 4022; x_wconf 90' lang='grc' dir='ltr'>Β</span> <span class='ocrx_word' id='word_1_221' title='bbox 1058 3958 1169 4024; x_wconf 82' lang='lat' dir='ltr'>vincit</span> <span class='ocrx_word' id='word_1_222' title='bbox 1192 3959 1234 4042; x_wconf 90' lang='grc' dir='ltr'>Ε,</span> <span class='ocrx_word' id='word_1_223' title='bbox 1260 3967 1298 4023; x_wconf 90' lang='grc'>01</span> <span class='ocrx_word' id='word_1_224' title='bbox 1321 3956 1455 4022; x_wconf 86' lang='lat' dir='ltr'>dictum</span> 
     </span>
    </p>

    <p class='ocr_par' dir='ltr' id='par_1_12' title="bbox 241 4081 1455 4294">
     <span class='ocr_line' id='line_1_26' title="bbox 241 4081 1455 4169; baseline -0.002 -20"><span class='ocrx_word' id='word_1_225' title='bbox 241 4095 283 4157; x_wconf 67' lang='lat'>25)</span> <span class='ocrx_word' id='word_1_226' title='bbox 308 4085 503 4151; x_wconf 79' lang='lat' dir='ltr'>ibi‹10n1.1n</span> <span class='ocrx_word' id='word_1_227' title='bbox 521 4085 621 4150; x_wconf 87' lang='lat' dir='ltr'>domo</span> <span class='ocrx_word' id='word_1_228' title='bbox 640 4083 701 4148; x_wconf 83' lang='lat' dir='ltr'>FB</span> <span class='ocrx_word' id='word_1_229' title='bbox 717 4089 769 4148; x_wconf 84' lang='lat' dir='ltr'>est</span> <span class='ocrx_word' id='word_1_230' title='bbox 783 4084 973 4169; x_wconf 83' lang='lat' dir='ltr'>aequalitas</span> <span class='ocrx_word' id='word_1_231' title='bbox 985 4136 991 4165; x_wconf 97' lang='lat'>,</span> <span class='ocrx_word' id='word_1_232' title='bbox 1005 4091 1044 4149; x_wconf 92' lang='grc'>01</span> <span class='ocrx_word' id='word_1_233' title='bbox 1063 4085 1113 4149; x_wconf 90' lang='lat' dir='ltr'>ibi</span> <span class='ocrx_word' id='word_1_234' title='bbox 1132 4084 1273 4150; x_wconf 85' lang='lat' dir='ltr'>dictum.</span> <span class='ocrx_word' id='word_1_235' title='bbox 1294 4084 1337 4148; x_wconf 90' lang='lat' dir='ltr'>In</span> <span class='ocrx_word' id='word_1_236' title='bbox 1352 4081 1455 4147; x_wconf 83' lang='lat' dir='ltr'>domo</span> 
     </span>
     <span class='ocr_line' id='line_1_27' title="bbox 308 4207 1455 4294; baseline -0.004 -19"><span class='ocrx_word' id='word_1_237' title='bbox 308 4211 365 4275; x_wconf 77' lang='lat' dir='ltr'>OF</span> <span class='ocrx_word' id='word_1_238' title='bbox 385 4211 411 4275; x_wconf 84' lang='lat' dir='ltr'>C</span> <span class='ocrx_word' id='word_1_239' title='bbox 430 4210 542 4275; x_wconf 84' lang='lat' dir='ltr'>vineit</span> <span class='ocrx_word' id='word_1_240' title='bbox 560 4210 603 4293; x_wconf 84' lang='grc' dir='ltr'>Ε,</span> <span class='ocrx_word' id='word_1_241' title='bbox 619 4215 659 4274; x_wconf 91' lang='grc'>01</span> <span class='ocrx_word' id='word_1_242' title='bbox 677 4208 727 4274; x_wconf 91' lang='lat' dir='ltr'>ibi</span> <span class='ocrx_word' id='word_1_243' title='bbox 743 4208 884 4274; x_wconf 84' lang='lat' dir='ltr'>dictum.</span> <span class='ocrx_word' id='word_1_244' title='bbox 904 4209 948 4274; x_wconf 93' lang='lat' dir='ltr'>In</span> <span class='ocrx_word' id='word_1_245' title='bbox 971 4210 1072 4275; x_wconf 87' lang='lat' dir='ltr'>domo</span> <span class='ocrx_word' id='word_1_246' title='bbox 1093 4208 1153 4273; x_wconf 82' lang='lat' dir='ltr'>GC</span> <span class='ocrx_word' id='word_1_247' title='bbox 1171 4216 1224 4274; x_wconf 88' lang='lat' dir='ltr'>est</span> <span class='ocrx_word' id='word_1_248' title='bbox 1243 4207 1455 4294; x_wconf 75' lang='lat' dir='ltr'>aequalitaS,</span> 
     </span>
    </p>
   </div>
   <div class='ocr_carea' id='block_1_10' title="bbox 401 4484 641 4546">
    <p class='ocr_par' dir='ltr' id='par_1_13' title="bbox 401 4484 641 4546">
     <span class='ocr_line' id='line_1_28' title="bbox 401 4484 641 4546; baseline -0.017 -9"><span class='ocrx_word' id='word_1_249' title='bbox 401 4488 430 4537; x_wconf 74' lang='grc'>17</span> <span class='ocrx_word' id='word_1_250' title='bbox 447 4487 510 4546; x_wconf 86' lang='lat' dir='ltr'>HG]</span> <span class='ocrx_word' id='word_1_251' title='bbox 532 4486 585 4536; x_wconf 84' lang='lat' dir='ltr'>GII</span> <span class='ocrx_word' id='word_1_252' title='bbox 598 4484 629 4534; x_wconf 87' lang='lat' dir='ltr'><em>M</em></span> <span class='ocrx_word' id='word_1_253' title='bbox 635 4487 641 4519; x_wconf 91' lang='lat'><strong>¹</strong></span> 
     </span>
    </p>
   </div>
   <div class='ocr_carea' id='block_1_11' title="bbox 0 0 1748 5108">
    <p class='ocr_par' dir='ltr' id='par_1_14' title="bbox 0 0 1748 5108">
     <span class='ocr_line' id='line_1_29' title="bbox 0 0 1748 5108; baseline 0 6"><span class='ocrx_word' id='word_1_254' title='bbox 0 0 1748 5108; x_wconf 95' lang='lat' dir='ltr'> </span> 
     </span>
    </p>
   </div>
  </div>
 </body>
</html>
