<?xml version="1.0" encoding="UTF-8"?>
<!DOCTYPE html PUBLIC "-//W3C//DTD XHTML 1.0 Transitional//EN"
    "http://www.w3.org/TR/xhtml1/DTD/xhtml1-transitional.dtd">
<html xmlns="http://www.w3.org/1999/xhtml" xml:lang="en" lang="en">
 <head>
  <title>
</title>
<meta http-equiv="Content-Type" content="text/html;charset=utf-8" />
  <meta name='ocr-system' content='tesseract 3.04.00' />
  <meta name='ocr-capabilities' content='ocr_page ocr_carea ocr_par ocr_line ocrx_word'/>
</head>
<body>
  <div class='ocr_page' id='page_1' title='image "./jordanibruninol05brungoog_0733.png"; bbox 0 0 3488 5108; ppageno 0'>
   <div class='ocr_carea' id='block_1_1' title="bbox 545 375 1248 434">
    <p class='ocr_par' dir='ltr' id='par_1_1' title="bbox 545 375 1248 434">
     <span class='ocr_line' id='line_1_1' title="bbox 545 375 1248 434; baseline 0.001 -2"><span class='ocrx_word' id='word_1_1' title='bbox 545 375 603 432; x_wconf 92' lang='grc'><strong>666</strong></span> <span class='ocrx_word' id='word_1_2' title='bbox 983 388 1125 434; x_wconf 75' lang='lat' dir='ltr'><strong>manum</strong></span> <span class='ocrx_word' id='word_1_3' title='bbox 1147 388 1248 433; x_wconf 82' lang='lat' dir='ltr'><strong>anvur</strong></span> 
     </span>
    </p>
   </div>
   <div class='ocr_carea' id='block_1_2' title="bbox 481 542 1706 1765">
    <p class='ocr_par' dir='ltr' id='par_1_2' title="bbox 545 542 1704 630">
     <span class='ocr_line' id='line_1_2' title="bbox 545 542 1704 630; baseline -0.001 -20"><span class='ocrx_word' id='word_1_4' title='bbox 545 544 636 623; x_wconf 79' lang='lat' dir='ltr'><strong>Quid</strong></span> <span class='ocrx_word' id='word_1_5' title='bbox 656 545 747 611; x_wconf 88' lang='lat' dir='ltr'><strong>dices</strong></span> <span class='ocrx_word' id='word_1_6' title='bbox 766 544 808 610; x_wconf 98' lang='grc'><strong>(16</strong></span> <span class='ocrx_word' id='word_1_7' title='bbox 828 567 942 611; x_wconf 90' lang='lat' dir='ltr'><strong>amore</strong></span> <span class='ocrx_word' id='word_1_8' title='bbox 961 566 1096 628; x_wconf 78' lang='lat' dir='ltr'><strong>eorum,</strong></span> <span class='ocrx_word' id='word_1_9' title='bbox 1121 566 1268 630; x_wconf 85' lang='lat' dir='ltr'><strong>quorum</strong></span> <span class='ocrx_word' id='word_1_10' title='bbox 1291 544 1505 611; x_wconf 85' lang='lat' dir='ltr'>solummodo</span> <span class='ocrx_word' id='word_1_11' title='bbox 1527 551 1583 610; x_wconf 87' lang='lat' dir='ltr'><strong>est</strong></span> <span class='ocrx_word' id='word_1_12' title='bbox 1601 542 1704 610; x_wconf 85' lang='lat' dir='ltr'><strong>audi-</strong></span> 
     </span>
    </p>

    <p class='ocr_par' dir='ltr' id='par_1_3' title="bbox 544 669 1702 759">
     <span class='ocr_line' id='line_1_3' title="bbox 544 669 1702 759; baseline -0.002 -23"><span class='ocrx_word' id='word_1_13' title='bbox 544 678 614 756; x_wconf 89' lang='grc'><strong>666,</strong></span> <span class='ocrx_word' id='word_1_14' title='bbox 633 671 693 758; x_wconf 91' lang='lat' dir='ltr'><strong>qui</strong></span> <span class='ocrx_word' id='word_1_15' title='bbox 712 671 906 738; x_wconf 87' lang='lat' dir='ltr'><strong>devotionis</strong></span> <span class='ocrx_word' id='word_1_16' title='bbox 918 673 1057 738; x_wconf 87' lang='lat' dir='ltr'><strong>nomine</strong></span> <span class='ocrx_word' id='word_1_17' title='bbox 1072 672 1179 759; x_wconf 84' lang='lat' dir='ltr'><strong>vulgo</strong></span> <span class='ocrx_word' id='word_1_18' title='bbox 1191 671 1417 737; x_wconf 75' lang='lat' dir='ltr'><strong>describitur?</strong></span> <span class='ocrx_word' id='word_1_19' title='bbox 1431 669 1489 737; x_wconf 85' lang='lat' dir='ltr'><strong>An</strong></span> <span class='ocrx_word' id='word_1_20' title='bbox 1502 693 1578 737; x_wconf 91' lang='lat' dir='ltr'><strong>non</strong></span> <span class='ocrx_word' id='word_1_21' title='bbox 1592 669 1702 735; x_wconf 91' lang='lat' dir='ltr'><strong>homo</strong></span> 
     </span>
    </p>

    <p class='ocr_par' dir='ltr' id='par_1_4' title="bbox 544 795 1702 885">
     <span class='ocr_line' id='line_1_4' title="bbox 544 795 1702 885; baseline 0.001 -24"><span class='ocrx_word' id='word_1_22' title='bbox 544 797 702 884; x_wconf 84' lang='lat' dir='ltr'><strong>supernis</strong></span> <span class='ocrx_word' id='word_1_23' title='bbox 717 806 751 863; x_wconf 89' lang='grc'><strong>66</strong></span> <span class='ocrx_word' id='word_1_24' title='bbox 767 797 1069 880; x_wconf 77' lang='lat' dir='ltr'><strong>immaterialibus,</strong></span> <span class='ocrx_word' id='word_1_25' title='bbox 1088 797 1156 863; x_wconf 88' lang='lat' dir='ltr'><strong>imo</strong></span> <span class='ocrx_word' id='word_1_26' title='bbox 1173 797 1389 883; x_wconf 86' lang='lat' dir='ltr'><strong>imaginariis</strong></span> <span class='ocrx_word' id='word_1_27' title='bbox 1406 804 1442 863; x_wconf 87' lang='lat' dir='ltr'><strong>et</strong></span> <span class='ocrx_word' id='word_1_28' title='bbox 1457 818 1530 863; x_wconf 90' lang='lat' dir='ltr'><strong>non</strong></span> <span class='ocrx_word' id='word_1_29' title='bbox 1547 795 1702 885; x_wconf 81' lang='lat' dir='ltr'><strong>repertis</strong></span> 
     </span>
    </p>

    <p class='ocr_par' dir='ltr' id='par_1_5' title="bbox 546 922 1702 1011">
     <span class='ocr_line' id='line_1_5' title="bbox 546 922 1702 1011; baseline 0.001 -24"><span class='ocrx_word' id='word_1_30' title='bbox 546 944 761 1010; x_wconf 87' lang='lat' dir='ltr'><strong>summopere</strong></span> <span class='ocrx_word' id='word_1_31' title='bbox 780 922 999 990; x_wconf 77' lang='lat' dir='ltr'><strong>devincitur?</strong></span> <span class='ocrx_word' id='word_1_32' title='bbox 1020 923 1123 989; x_wconf 87' lang='lat' dir='ltr'><strong>Mitto</strong></span> <span class='ocrx_word' id='word_1_33' title='bbox 1143 923 1291 1011; x_wconf 85' lang='lat' dir='ltr'><strong>speciem</strong></span> <span class='ocrx_word' id='word_1_34' title='bbox 1310 924 1452 990; x_wconf 88' lang='lat' dir='ltr'><strong>virtutis</strong></span> <span class='ocrx_word' id='word_1_35' title='bbox 1472 923 1702 990; x_wconf 90' lang='lat' dir='ltr'><strong>vinculorum</strong></span> 
     </span>
    </p>

    <p class='ocr_par' dir='ltr' id='par_1_6' title="bbox 500 1049 1702 1139">
     <span class='ocr_line' id='line_1_6' title="bbox 500 1049 1702 1139; baseline 0.001 -25"><span class='ocrx_word' id='word_1_36' title='bbox 500 1051 521 1114; x_wconf 83' lang='lat' dir='ltr'><strong>b</strong></span> <span class='ocrx_word' id='word_1_37' title='bbox 544 1049 672 1116; x_wconf 89' lang='lat' dir='ltr'><strong>referre</strong></span> <span class='ocrx_word' id='word_1_38' title='bbox 690 1074 751 1137; x_wconf 89' lang='lat' dir='ltr'><strong>per</strong></span> <span class='ocrx_word' id='word_1_39' title='bbox 770 1051 913 1138; x_wconf 74' lang='grc'><strong>6666166,</strong></span> <span class='ocrx_word' id='word_1_40' title='bbox 934 1050 1152 1138; x_wconf 86' lang='lat' dir='ltr'><strong>potissimum</strong></span> <span class='ocrx_word' id='word_1_41' title='bbox 1171 1072 1253 1117; x_wconf 91' lang='lat' dir='ltr'><strong>vero</strong></span> <span class='ocrx_word' id='word_1_42' title='bbox 1272 1073 1360 1135; x_wconf 87' lang='lat' dir='ltr'><strong>eam,</strong></span> <span class='ocrx_word' id='word_1_43' title='bbox 1382 1074 1470 1137; x_wconf 86' lang='lat' dir='ltr'><strong>quae</strong></span> <span class='ocrx_word' id='word_1_44' title='bbox 1489 1060 1544 1118; x_wconf 89' lang='grc'><strong>666</strong></span> <span class='ocrx_word' id='word_1_45' title='bbox 1562 1074 1629 1139; x_wconf 87' lang='lat' dir='ltr'><strong>per</strong></span> <span class='ocrx_word' id='word_1_46' title='bbox 1649 1050 1702 1115; x_wconf 90' lang='lat' dir='ltr'><strong>in-</strong></span> 
     </span>
    </p>

    <p class='ocr_par' dir='ltr' id='par_1_7' title="bbox 545 1177 1702 1266">
     <span class='ocr_line' id='line_1_7' title="bbox 545 1177 1702 1266; baseline 0.003 -25"><span class='ocrx_word' id='word_1_47' title='bbox 545 1177 787 1242; x_wconf 80' lang='lat' dir='ltr'><strong>cantationem.</strong></span> <span class='ocrx_word' id='word_1_48' title='bbox 823 1177 895 1243; x_wconf 88' lang='lat' dir='ltr'><strong>Nec</strong></span> <span class='ocrx_word' id='word_1_49' title='bbox 926 1186 978 1244; x_wconf 87' lang='grc'><strong>666</strong></span> <span class='ocrx_word' id='word_1_50' title='bbox 1008 1177 1100 1264; x_wconf 88' lang='lat' dir='ltr'><strong>quod</strong></span> <span class='ocrx_word' id='word_1_51' title='bbox 1130 1177 1216 1243; x_wconf 89' lang='lat' dir='ltr'><strong>dicit</strong></span> <span class='ocrx_word' id='word_1_52' title='bbox 1249 1179 1431 1266; x_wconf 88' lang='lat' dir='ltr'><strong>quisquam</strong></span> <span class='ocrx_word' id='word_1_53' title='bbox 1461 1180 1599 1245; x_wconf 88' lang='lat' dir='ltr'><strong>vinculi</strong></span> <span class='ocrx_word' id='word_1_54' title='bbox 1624 1179 1702 1244; x_wconf 88' lang='lat' dir='ltr'><strong>vim</strong></span> 
     </span>
    </p>

    <p class='ocr_par' dir='ltr' id='par_1_8' title="bbox 513 1303 1704 1392">
     <span class='ocr_line' id='line_1_8' title="bbox 513 1303 1704 1392; baseline 0.002 -25"><span class='ocrx_word' id='word_1_55' title='bbox 513 1364 520 1379; x_wconf 70' lang='grc'><strong>,</strong></span> <span class='ocrx_word' id='word_1_56' title='bbox 544 1324 616 1368; x_wconf 88' lang='grc'><strong>6666</strong></span> <span class='ocrx_word' id='word_1_57' title='bbox 637 1303 765 1369; x_wconf 90' lang='lat' dir='ltr'><strong>abono</strong></span> <span class='ocrx_word' id='word_1_58' title='bbox 786 1305 912 1390; x_wconf 84' lang='lat' dir='ltr'><strong>magis,</strong></span> <span class='ocrx_word' id='word_1_59' title='bbox 933 1326 1037 1390; x_wconf 84' lang='lat' dir='ltr'><strong>quam</strong></span> <span class='ocrx_word' id='word_1_60' title='bbox 1056 1303 1189 1369; x_wconf 87' lang='lat' dir='ltr'><strong>vincire</strong></span> <span class='ocrx_word' id='word_1_61' title='bbox 1213 1303 1324 1391; x_wconf 86' lang='lat' dir='ltr'><strong>possit</strong></span> <span class='ocrx_word' id='word_1_62' title='bbox 1347 1304 1431 1370; x_wconf 89' lang='lat' dir='ltr'><strong>boni</strong></span> <span class='ocrx_word' id='word_1_63' title='bbox 1451 1304 1589 1392; x_wconf 91' lang='lat' dir='ltr'><strong>opinio;</strong></span> <span class='ocrx_word' id='word_1_64' title='bbox 1610 1303 1704 1391; x_wconf 89' lang='lat' dir='ltr'><strong>quin</strong></span> 
     </span>
    </p>

    <p class='ocr_par' dir='ltr' id='par_1_9' title="bbox 544 1428 1706 1516">
     <span class='ocr_line' id='line_1_9' title="bbox 544 1428 1706 1516; baseline 0.001 -23"><span class='ocrx_word' id='word_1_65' title='bbox 544 1428 649 1493; x_wconf 88' lang='lat' dir='ltr'><strong>ctiam</strong></span> <span class='ocrx_word' id='word_1_66' title='bbox 673 1429 716 1494; x_wconf 91' lang='lat' dir='ltr'><strong>ab</strong></span> <span class='ocrx_word' id='word_1_67' title='bbox 737 1429 889 1495; x_wconf 89' lang='lat' dir='ltr'><strong>evidenti</strong></span> <span class='ocrx_word' id='word_1_68' title='bbox 909 1430 1031 1516; x_wconf 86' lang='lat' dir='ltr'><strong>magis,</strong></span> <span class='ocrx_word' id='word_1_69' title='bbox 1054 1451 1156 1515; x_wconf 88' lang='lat' dir='ltr'><strong>quam</strong></span> <span class='ocrx_word' id='word_1_70' title='bbox 1182 1429 1225 1495; x_wconf 89' lang='lat' dir='ltr'><strong>ab</strong></span> <span class='ocrx_word' id='word_1_71' title='bbox 1245 1430 1379 1495; x_wconf 90' lang='lat' dir='ltr'><strong>occulta</strong></span> <span class='ocrx_word' id='word_1_72' title='bbox 1399 1452 1511 1496; x_wconf 88' lang='lat' dir='ltr'><strong>causa.</strong></span> <span class='ocrx_word' id='word_1_73' title='bbox 1533 1430 1582 1497; x_wconf 88' lang='lat' dir='ltr'><strong>Et</strong></span> <span class='ocrx_word' id='word_1_74' title='bbox 1613 1429 1706 1494; x_wconf 86' lang='lat' dir='ltr'><strong>dixi·</strong></span> 
     </span>
    </p>

    <p class='ocr_par' dir='ltr' id='par_1_10' title="bbox 481 1555 1706 1765">
     <span class='ocr_line' id='line_1_10' title="bbox 544 1555 1706 1642; baseline 0.002 -24"><span class='ocrx_word' id='word_1_75' title='bbox 544 1575 620 1619; x_wconf 89' lang='lat' dir='ltr'><strong>mus</strong></span> <span class='ocrx_word' id='word_1_76' title='bbox 649 1577 753 1642; x_wconf 88' lang='lat' dir='ltr'><strong>supra</strong></span> <span class='ocrx_word' id='word_1_77' title='bbox 785 1562 825 1621; x_wconf 92' lang='grc'><strong>66</strong></span> <span class='ocrx_word' id='word_1_78' title='bbox 854 1555 1010 1621; x_wconf 87' lang='lat' dir='ltr'><strong>diversae</strong></span> <span class='ocrx_word' id='word_1_79' title='bbox 1039 1563 1120 1621; x_wconf 89' lang='lat' dir='ltr'><strong>sunt</strong></span> <span class='ocrx_word' id='word_1_80' title='bbox 1146 1555 1316 1622; x_wconf 88' lang='lat' dir='ltr'><strong>bonorum</strong></span> <span class='ocrx_word' id='word_1_81' title='bbox 1339 1555 1559 1622; x_wconf 86' lang='lat' dir='ltr'><strong>differentiae</strong></span> <span class='ocrx_word' id='word_1_82' title='bbox 1590 1563 1706 1640; x_wconf 87' lang='lat' dir='ltr'><strong>atquc</strong></span> 
     </span>
     <span class='ocr_line' id='line_1_11' title="bbox 481 1678 685 1765; baseline -0.025 -17"><span class='ocrx_word' id='word_1_83' title='bbox 481 1685 523 1748; x_wconf 79' lang='lat'><strong>10</strong></span> <span class='ocrx_word' id='word_1_84' title='bbox 545 1678 685 1765; x_wconf 88' lang='lat' dir='ltr'><strong>species.</strong></span> 
     </span>
    </p>
   </div>
   <div class='ocr_carea' id='block_1_3' title="bbox 901 1908 1328 1949">
    <p class='ocr_par' dir='ltr' id='par_1_11' title="bbox 901 1908 1328 1949">
     <span class='ocr_line' id='line_1_12' title="bbox 901 1908 1328 1949; baseline -0.002 -1"><span class='ocrx_word' id='word_1_85' title='bbox 901 1908 1028 1948; x_wconf 78' lang='lat' dir='ltr'><strong>vinolentia</strong></span> <span class='ocrx_word' id='word_1_86' title='bbox 1044 1908 1165 1949; x_wconf 66' lang='lat' dir='ltr'><strong>induunt.</strong></span> <span class='ocrx_word' id='word_1_87' title='bbox 1181 1909 1230 1948; x_wconf 81' lang='lat' dir='ltr'><strong>Art.</strong></span> <span class='ocrx_word' id='word_1_88' title='bbox 1248 1909 1328 1949; x_wconf 81' lang='lat' dir='ltr'>XXIV.</span> 
     </span>
    </p>
   </div>
   <div class='ocr_carea' id='block_1_4' title="bbox 635 2090 1711 2180">
    <p class='ocr_par' dir='ltr' id='par_1_12' title="bbox 635 2090 1711 2180">
     <span class='ocr_line' id='line_1_13' title="bbox 635 2090 1711 2180; baseline -0.002 -22"><span class='ocrx_word' id='word_1_89' title='bbox 635 2091 930 2169; x_wconf 80' lang='lat' dir='ltr'><strong>Quemadmodum</strong></span> <span class='ocrx_word' id='word_1_90' title='bbox 950 2093 1150 2179; x_wconf 81' lang='lat' dir='ltr'><strong>ignorantes</strong></span> <span class='ocrx_word' id='word_1_91' title='bbox 1166 2095 1246 2180; x_wconf 86' lang='lat' dir='ltr'><strong>plus</strong></span> <span class='ocrx_word' id='word_1_92' title='bbox 1264 2117 1285 2158; x_wconf 91' lang='lat' dir='ltr'><strong>a</strong></span> <span class='ocrx_word' id='word_1_93' title='bbox 1304 2099 1404 2158; x_wconf 90' lang='lat' dir='ltr'><strong>cauto</strong></span> <span class='ocrx_word' id='word_1_94' title='bbox 1421 2091 1599 2158; x_wconf 84' lang='lat' dir='ltr'><strong>vincimur</strong></span> <span class='ocrx_word' id='word_1_95' title='bbox 1616 2090 1711 2156; x_wconf 88' lang='lat' dir='ltr'><strong>adu·</strong></span> 
     </span>
    </p>
   </div>
   <div class='ocr_carea' id='block_1_5' title="bbox 545 2221 1710 2308">
    <p class='ocr_par' dir='ltr' id='par_1_13' title="bbox 545 2221 1710 2308">
     <span class='ocr_line' id='line_1_14' title="bbox 545 2221 1710 2308; baseline -0.003 -21"><span class='ocrx_word' id='word_1_96' title='bbox 545 2223 667 2304; x_wconf 87' lang='lat' dir='ltr'><strong>latore,</strong></span> <span class='ocrx_word' id='word_1_97' title='bbox 688 2245 792 2308; x_wconf 90' lang='lat' dir='ltr'><strong>quam</strong></span> <span class='ocrx_word' id='word_1_98' title='bbox 812 2224 854 2288; x_wconf 87' lang='lat' dir='ltr'><strong>ab</strong></span> <span class='ocrx_word' id='word_1_99' title='bbox 879 2222 989 2288; x_wconf 90' lang='lat' dir='ltr'><strong>amico</strong></span> <span class='ocrx_word' id='word_1_100' title='bbox 1013 2244 1107 2305; x_wconf 86' lang='lat' dir='ltr'><strong>vcro,</strong></span> <span class='ocrx_word' id='word_1_101' title='bbox 1139 2223 1189 2287; x_wconf 89' lang='lat' dir='ltr'><strong>ita</strong></span> <span class='ocrx_word' id='word_1_102' title='bbox 1219 2221 1402 2287; x_wconf 88' lang='lat' dir='ltr'><strong>artificiose</strong></span> <span class='ocrx_word' id='word_1_103' title='bbox 1431 2221 1636 2287; x_wconf 87' lang='lat' dir='ltr'><strong>formantur</strong></span> <span class='ocrx_word' id='word_1_104' title='bbox 1670 2226 1710 2284; x_wconf 92' lang='lat' dir='ltr'><strong>et</strong></span> 
     </span>
    </p>
   </div>
   <div class='ocr_carea' id='block_1_6' title="bbox 546 2347 1710 2431">
    <p class='ocr_par' dir='ltr' id='par_1_14' title="bbox 546 2347 1710 2431">
     <span class='ocr_line' id='line_1_15' title="bbox 546 2347 1710 2431; baseline -0.003 -16"><span class='ocrx_word' id='word_1_105' title='bbox 546 2348 788 2415; x_wconf 87' lang='lat' dir='ltr'><strong>confortantur</strong></span> <span class='ocrx_word' id='word_1_106' title='bbox 807 2349 947 2415; x_wconf 88' lang='lat' dir='ltr'><strong>vincula</strong></span> <span class='ocrx_word' id='word_1_107' title='bbox 966 2355 1001 2413; x_wconf 91' lang='grc'><strong>66</strong></span> <span class='ocrx_word' id='word_1_108' title='bbox 1020 2349 1206 2414; x_wconf 79' lang='grc'><strong>6166166616</strong></span> <span class='ocrx_word' id='word_1_109' title='bbox 1223 2347 1388 2431; x_wconf 86' lang='lat' dir='ltr'><strong>efficacia,</strong></span> <span class='ocrx_word' id='word_1_110' title='bbox 1408 2349 1437 2414; x_wconf 88' lang='lat' dir='ltr'><strong>si</strong></span> <span class='ocrx_word' id='word_1_111' title='bbox 1454 2347 1622 2413; x_wconf 88' lang='lat' dir='ltr'><strong>timidum</strong></span> <span class='ocrx_word' id='word_1_112' title='bbox 1639 2347 1710 2412; x_wconf 91' lang='lat' dir='ltr'><strong>illc</strong></span> 
     </span>
    </p>
   </div>
   <div class='ocr_carea' id='block_1_7' title="bbox 482 2473 1710 2947">
    <p class='ocr_par' dir='ltr' id='par_1_15' title="bbox 482 2473 1710 2947">
     <span class='ocr_line' id='line_1_16' title="bbox 482 2473 1709 2563; baseline 0.001 -24"><span class='ocrx_word' id='word_1_113' title='bbox 482 2486 522 2550; x_wconf 80' lang='lat'><strong>15</strong></span> <span class='ocrx_word' id='word_1_114' title='bbox 545 2473 728 2563; x_wconf 88' lang='lat' dir='ltr'><strong>prohibeat</strong></span> <span class='ocrx_word' id='word_1_115' title='bbox 747 2475 910 2555; x_wconf 83' lang='lat' dir='ltr'><strong>militare,</strong></span> <span class='ocrx_word' id='word_1_116' title='bbox 928 2497 1053 2541; x_wconf 88' lang='lat' dir='ltr'><strong>vesane</strong></span> <span class='ocrx_word' id='word_1_117' title='bbox 1068 2475 1215 2563; x_wconf 87' lang='lat' dir='ltr'><strong>impium</strong></span> <span class='ocrx_word' id='word_1_118' title='bbox 1232 2474 1313 2540; x_wconf 87' lang='lat' dir='ltr'><strong>deos</strong></span> <span class='ocrx_word' id='word_1_119' title='bbox 1325 2475 1449 2559; x_wconf 83' lang='lat' dir='ltr'><strong>colere,</strong></span> <span class='ocrx_word' id='word_1_120' title='bbox 1462 2473 1709 2540; x_wconf 89' lang='lat' dir='ltr'><strong>inhumanum</strong></span> 
     </span>
     <span class='ocr_line' id='line_1_17' title="bbox 546 2601 1709 2690; baseline 0 -22"><span class='ocrx_word' id='word_1_121' title='bbox 546 2604 697 2690; x_wconf 87' lang='lat' dir='ltr'><strong>propriis</strong></span> <span class='ocrx_word' id='word_1_122' title='bbox 710 2605 878 2669; x_wconf 87' lang='lat' dir='ltr'><strong>inservire</strong></span> <span class='ocrx_word' id='word_1_123' title='bbox 891 2602 1209 2686; x_wconf 78' lang='grc'><strong>6666666616661666,</strong></span> <span class='ocrx_word' id='word_1_124' title='bbox 1222 2611 1257 2668; x_wconf 92' lang='grc'><strong>66</strong></span> <span class='ocrx_word' id='word_1_125' title='bbox 1273 2603 1436 2688; x_wconf 87' lang='lat' dir='ltr'><strong>illucque</strong></span> <span class='ocrx_word' id='word_1_126' title='bbox 1449 2625 1502 2668; x_wconf 87' lang='lat' dir='ltr'><strong>res</strong></span> <span class='ocrx_word' id='word_1_127' title='bbox 1518 2601 1709 2668; x_wconf 86' lang='lat' dir='ltr'><strong>inclinant</strong></span> 
     </span>
     <span class='ocr_line' id='line_1_18' title="bbox 548 2729 1710 2816; baseline 0.001 -22"><span class='ocrx_word' id='word_1_128' title='bbox 548 2730 659 2815; x_wconf 88' lang='lat' dir='ltr'><strong>magis</strong></span> <span class='ocrx_word' id='word_1_129' title='bbox 680 2729 809 2814; x_wconf 86' lang='lat' dir='ltr'><strong>afflare,</strong></span> <span class='ocrx_word' id='word_1_130' title='bbox 830 2730 1118 2816; x_wconf 85' lang='lat' dir='ltr'><strong>quemadmodum</strong></span> <span class='ocrx_word' id='word_1_131' title='bbox 1138 2730 1197 2816; x_wconf 90' lang='lat' dir='ltr'><strong>qui</strong></span> <span class='ocrx_word' id='word_1_132' title='bbox 1217 2730 1412 2814; x_wconf 81' lang='lat' dir='ltr'><strong>cylindrum</strong></span> <span class='ocrx_word' id='word_1_133' title='bbox 1429 2729 1495 2794; x_wconf 91' lang='lat' dir='ltr'><strong>sibi</strong></span> <span class='ocrx_word' id='word_1_134' title='bbox 1511 2730 1591 2796; x_wconf 90' lang='lat' dir='ltr'><strong>vult</strong></span> <span class='ocrx_word' id='word_1_135' title='bbox 1611 2732 1710 2796; x_wconf 85' lang='lat' dir='ltr'><strong>arri-</strong></span> 
     </span>
     <span class='ocr_line' id='line_1_19' title="bbox 548 2856 1707 2947; baseline -0.001 -26"><span class='ocrx_word' id='word_1_136' title='bbox 548 2881 644 2944; x_wconf 82' lang='lat' dir='ltr'><strong>pere,</strong></span> <span class='ocrx_word' id='word_1_137' title='bbox 664 2881 735 2923; x_wconf 91' lang='lat' dir='ltr'><strong>non</strong></span> <span class='ocrx_word' id='word_1_138' title='bbox 753 2879 815 2947; x_wconf 88' lang='lat' dir='ltr'><strong>per</strong></span> <span class='ocrx_word' id='word_1_139' title='bbox 834 2858 950 2944; x_wconf 89' lang='lat' dir='ltr'><strong>capita</strong></span> <span class='ocrx_word' id='word_1_140' title='bbox 968 2865 1003 2922; x_wconf 90' lang='grc'><strong>66</strong></span> <span class='ocrx_word' id='word_1_141' title='bbox 1022 2858 1181 2943; x_wconf 64' lang='grc'><strong>6666166,</strong></span> <span class='ocrx_word' id='word_1_142' title='bbox 1200 2858 1258 2922; x_wconf 88' lang='lat' dir='ltr'><strong>sed</strong></span> <span class='ocrx_word' id='word_1_143' title='bbox 1287 2881 1349 2944; x_wconf 90' lang='lat' dir='ltr'><strong>per</strong></span> <span class='ocrx_word' id='word_1_144' title='bbox 1379 2879 1475 2921; x_wconf 90' lang='lat' dir='ltr'><strong>suam</strong></span> <span class='ocrx_word' id='word_1_145' title='bbox 1505 2856 1707 2921; x_wconf 90' lang='lat' dir='ltr'><strong>rotundam</strong></span> 
     </span>
    </p>
   </div>
   <div class='ocr_carea' id='block_1_8' title="bbox 482 2985 1301 3245">
    <p class='ocr_par' dir='ltr' id='par_1_16' title="bbox 482 2985 1301 3245">
     <span class='ocr_line' id='line_1_20' title="bbox 548 2985 943 3071; baseline -0.008 -20"><span class='ocrx_word' id='word_1_146' title='bbox 548 2986 763 3071; x_wconf 82' lang='lat' dir='ltr'><strong>superficiem</strong></span> <span class='ocrx_word' id='word_1_147' title='bbox 784 2985 943 3050; x_wconf 88' lang='lat' dir='ltr'><strong>obvertit.</strong></span> 
     </span>
     <span class='ocr_line' id='line_1_21' title="bbox 482 3184 1301 3245; baseline -0.004 -14"><span class='ocrx_word' id='word_1_148' title='bbox 482 3184 525 3245; x_wconf 67' lang='lat'><strong>20</strong></span> <span class='ocrx_word' id='word_1_149' title='bbox 938 3194 1007 3232; x_wconf 81' lang='lat' dir='ltr'><strong>Arma</strong></span> <span class='ocrx_word' id='word_1_150' title='bbox 1023 3193 1150 3231; x_wconf 77' lang='lat' dir='ltr'><strong>vinolentis.</strong></span> <span class='ocrx_word' id='word_1_151' title='bbox 1168 3192 1216 3231; x_wconf 76' lang='lat' dir='ltr'><strong>Art.</strong></span> <span class='ocrx_word' id='word_1_152' title='bbox 1233 3191 1301 3230; x_wconf 79' lang='lat' dir='ltr'>XXV.</span> 
     </span>
    </p>
   </div>
   <div class='ocr_carea' id='block_1_9' title="bbox 482 3343 1744 4066">
    <p class='ocr_par' dir='ltr' id='par_1_17' title="bbox 637 3343 1703 3430">
     <span class='ocr_line' id='line_1_22' title="bbox 637 3343 1703 3430; baseline 0.002 -21"><span class='ocrx_word' id='word_1_153' title='bbox 637 3345 832 3410; x_wconf 68' lang='lat' dir='ltr'><strong>vinolentis</strong></span> <span class='ocrx_word' id='word_1_154' title='bbox 852 3367 946 3409; x_wconf 90' lang='lat' dir='ltr'><strong>arma</strong></span> <span class='ocrx_word' id='word_1_155' title='bbox 966 3345 1118 3430; x_wconf 86' lang='lat' dir='ltr'><strong>triplicia</strong></span> <span class='ocrx_word' id='word_1_156' title='bbox 1137 3352 1228 3408; x_wconf 89' lang='lat' dir='ltr'><strong>sunt.</strong></span> <span class='ocrx_word' id='word_1_157' title='bbox 1249 3343 1366 3407; x_wconf 89' lang='lat' dir='ltr'><strong>Prima</strong></span> <span class='ocrx_word' id='word_1_158' title='bbox 1386 3344 1421 3407; x_wconf 90' lang='lat' dir='ltr'><strong>in</strong></span> <span class='ocrx_word' id='word_1_159' title='bbox 1441 3343 1533 3429; x_wconf 86' lang='lat' dir='ltr'><strong>ipsc,</strong></span> <span class='ocrx_word' id='word_1_160' title='bbox 1554 3354 1590 3407; x_wconf 91' lang='lat' dir='ltr'><strong>ct</strong></span> <span class='ocrx_word' id='word_1_161' title='bbox 1609 3344 1703 3411; x_wconf 85' lang='lat' dir='ltr'><strong>haec</strong></span> 
     </span>
    </p>

    <p class='ocr_par' dir='ltr' id='par_1_18' title="bbox 550 3470 1703 3558">
     <span class='ocr_line' id='line_1_23' title="bbox 550 3470 1703 3558; baseline 0 -23"><span class='ocrx_word' id='word_1_162' title='bbox 550 3480 630 3535; x_wconf 85' lang='lat' dir='ltr'><strong>sunt</strong></span> <span class='ocrx_word' id='word_1_163' title='bbox 656 3471 823 3558; x_wconf 86' lang='lat' dir='ltr'><strong>duplicia:</strong></span> <span class='ocrx_word' id='word_1_164' title='bbox 845 3470 1042 3535; x_wconf 81' lang='lat' dir='ltr'><strong>essentialia</strong></span> <span class='ocrx_word' id='word_1_165' title='bbox 1061 3493 1120 3535; x_wconf 88' lang='lat' dir='ltr'><strong>seu</strong></span> <span class='ocrx_word' id='word_1_166' title='bbox 1140 3470 1326 3552; x_wconf 83' lang='lat' dir='ltr'><strong>naturalia,</strong></span> <span class='ocrx_word' id='word_1_167' title='bbox 1347 3491 1469 3555; x_wconf 88' lang='lat' dir='ltr'><strong>nempe</strong></span> <span class='ocrx_word' id='word_1_168' title='bbox 1494 3491 1583 3553; x_wconf 89' lang='lat' dir='ltr'><strong>quac</strong></span> <span class='ocrx_word' id='word_1_169' title='bbox 1612 3479 1703 3535; x_wconf 84' lang='lat' dir='ltr'><strong>sunt</strong></span> 
     </span>
    </p>

    <p class='ocr_par' dir='ltr' id='par_1_19' title="bbox 482 3595 1744 4066">
     <span class='ocr_line' id='line_1_24' title="bbox 550 3595 1701 3682; baseline 0 -22"><span class='ocrx_word' id='word_1_170' title='bbox 550 3621 590 3660; x_wconf 83' lang='lat' dir='ltr'><strong>ex</strong></span> <span class='ocrx_word' id='word_1_171' title='bbox 608 3603 733 3661; x_wconf 83' lang='lat' dir='ltr'><strong>natura</strong></span> <span class='ocrx_word' id='word_1_172' title='bbox 750 3596 887 3682; x_wconf 71' lang='grc'><strong>6666161,</strong></span> <span class='ocrx_word' id='word_1_173' title='bbox 906 3605 941 3661; x_wconf 83' lang='grc'><strong>66</strong></span> <span class='ocrx_word' id='word_1_174' title='bbox 957 3595 1184 3661; x_wconf 83' lang='lat' dir='ltr'><strong>accidentalia</strong></span> <span class='ocrx_word' id='word_1_175' title='bbox 1200 3618 1259 3660; x_wconf 89' lang='lat' dir='ltr'><strong>seu</strong></span> <span class='ocrx_word' id='word_1_176' title='bbox 1273 3595 1446 3677; x_wconf 77' lang='lat' dir='ltr'><strong>adiuncta,</strong></span> <span class='ocrx_word' id='word_1_177' title='bbox 1463 3617 1588 3681; x_wconf 88' lang='lat' dir='ltr'><strong>nempe</strong></span> <span class='ocrx_word' id='word_1_178' title='bbox 1605 3616 1701 3679; x_wconf 89' lang='lat' dir='ltr'><strong>quae</strong></span> 
     </span>
     <span class='ocr_line' id='line_1_25' title="bbox 549 3722 1698 3810; baseline 0.003 -26"><span class='ocrx_word' id='word_1_179' title='bbox 549 3731 708 3788; x_wconf 86' lang='lat' dir='ltr'><strong>naturam</strong></span> <span class='ocrx_word' id='word_1_180' title='bbox 729 3724 855 3810; x_wconf 87' lang='lat' dir='ltr'><strong>speciei</strong></span> <span class='ocrx_word' id='word_1_181' title='bbox 874 3732 1144 3809; x_wconf 80' lang='lat' dir='ltr'><strong>consequuntur,</strong></span> <span class='ocrx_word' id='word_1_182' title='bbox 1176 3722 1367 3789; x_wconf 86' lang='lat' dir='ltr'><strong>cuiusmodi</strong></span> <span class='ocrx_word' id='word_1_183' title='bbox 1394 3728 1474 3788; x_wconf 91' lang='lat' dir='ltr'><strong>sunt</strong></span> <span class='ocrx_word' id='word_1_184' title='bbox 1505 3722 1698 3808; x_wconf 69' lang='lat' dir='ltr'><strong>sagacitate,</strong></span> 
     </span>
     <span class='ocr_line' id='line_1_26' title="bbox 482 3852 1744 3940; baseline 0.002 -25"><span class='ocrx_word' id='word_1_185' title='bbox 482 3864 525 3926; x_wconf 70' lang='lat'><strong>⁴25</strong></span> <span class='ocrx_word' id='word_1_186' title='bbox 549 3852 720 3937; x_wconf 84' lang='lat' dir='ltr'><strong>sapientia</strong></span> <span class='ocrx_word' id='word_1_187' title='bbox 751 3860 786 3916; x_wconf 88' lang='lat' dir='ltr'><strong>et</strong></span> <span class='ocrx_word' id='word_1_188' title='bbox 816 3875 879 3917; x_wconf 87' lang='lat' dir='ltr'><strong>ars.</strong></span> <span class='ocrx_word' id='word_1_189' title='bbox 914 3853 1089 3929; x_wconf 76' lang='lat' dir='ltr'><strong>Quaedam</strong></span> <span class='ocrx_word' id='word_1_190' title='bbox 1117 3855 1120 3940; x_wconf 71' lang='lat' dir='ltr'><strong>l</strong></span> <span class='ocrx_word' id='word_1_191' title='bbox 1146 3860 1228 3918; x_wconf 86' lang='lat' dir='ltr'><strong>sunt</strong></span> <span class='ocrx_word' id='word_1_192' title='bbox 1258 3852 1347 3917; x_wconf 86' lang='lat' dir='ltr'><strong>circa</strong></span> <span class='ocrx_word' id='word_1_193' title='bbox 1377 3852 1506 3938; x_wconf 74' lang='lat' dir='ltr'><strong>ipsum,</strong></span> <span class='ocrx_word' id='word_1_194' title='bbox 1536 3860 1576 3916; x_wconf 93' lang='lat' dir='ltr'><strong>ut</strong></span> <span class='ocrx_word' id='word_1_195' title='bbox 1603 3874 1696 3936; x_wconf 86' lang='grc'><strong>6666,</strong></span> <span class='ocrx_word' id='word_1_196' title='bbox 1734 3864 1744 3887; x_wconf 91' lang='grc'>·</span> 
     </span>
     <span class='ocr_line' id='line_1_27' title="bbox 549 3979 1698 4066; baseline 0.002 -23"><span class='ocrx_word' id='word_1_197' title='bbox 549 3979 703 4062; x_wconf 82' lang='lat' dir='ltr'><strong>fortuna,</strong></span> <span class='ocrx_word' id='word_1_198' title='bbox 730 4003 840 4062; x_wconf 84' lang='lat' dir='ltr'><strong>casus,</strong></span> <span class='ocrx_word' id='word_1_199' title='bbox 862 4004 1041 4046; x_wconf 80' lang='lat' dir='ltr'><strong>occursum</strong></span> <span class='ocrx_word' id='word_1_200' title='bbox 1061 3989 1095 4046; x_wconf 90' lang='lat' dir='ltr'><strong>et</strong></span> <span class='ocrx_word' id='word_1_201' title='bbox 1119 3981 1351 4046; x_wconf 84' lang='lat' dir='ltr'><strong>incursionem</strong></span> <span class='ocrx_word' id='word_1_202' title='bbox 1380 3979 1559 4060; x_wconf 81' lang='lat' dir='ltr'><strong>facientia3</strong></span> <span class='ocrx_word' id='word_1_203' title='bbox 1592 4003 1698 4066; x_wconf 87' lang='lat' dir='ltr'><strong>quae·</strong></span> 
     </span>
    </p>
   </div>
   <div class='ocr_carea' id='block_1_10' title="bbox 550 4107 1566 4195">
    <p class='ocr_par' dir='ltr' id='par_1_20' title="bbox 550 4107 1566 4195">
     <span class='ocr_line' id='line_1_28' title="bbox 550 4107 1566 4195; baseline 0.001 -26"><span class='ocrx_word' id='word_1_204' title='bbox 550 4107 627 4171; x_wconf 80' lang='lat' dir='ltr'><strong>dam</strong></span> <span class='ocrx_word' id='word_1_205' title='bbox 648 4108 897 4195; x_wconf 62' lang='lat' dir='ltr'><strong>supermeant,</strong></span> <span class='ocrx_word' id='word_1_206' title='bbox 918 4114 957 4173; x_wconf 89' lang='lat' dir='ltr'><strong>ut</strong></span> <span class='ocrx_word' id='word_1_207' title='bbox 976 4110 1102 4192; x_wconf 83' lang='lat' dir='ltr'><strong>fatum,</strong></span> <span class='ocrx_word' id='word_1_208' title='bbox 1122 4116 1246 4174; x_wconf 88' lang='lat' dir='ltr'><strong>natura</strong></span> <span class='ocrx_word' id='word_1_209' title='bbox 1267 4116 1301 4172; x_wconf 89' lang='lat' dir='ltr'><strong>et</strong></span> <span class='ocrx_word' id='word_1_210' title='bbox 1320 4107 1419 4172; x_wconf 85' lang='lat' dir='ltr'><strong>favor</strong></span> <span class='ocrx_word' id='word_1_211' title='bbox 1438 4107 1566 4173; x_wconf 75' lang='lat' dir='ltr'><strong>divum.</strong></span> 
     </span>
    </p>
   </div>
   <div class='ocr_carea' id='block_1_11' title="bbox 548 4381 1699 4510">
    <p class='ocr_par' dir='ltr' id='par_1_21' title="bbox 548 4381 1699 4510">
     <span class='ocr_line' id='line_1_29' title="bbox 641 4381 1699 4446; baseline 0.003 -17"><span class='ocrx_word' id='word_1_212' title='bbox 641 4382 677 4429; x_wconf 72' lang='lat'><strong>12.</strong></span> <span class='ocrx_word' id='word_1_213' title='bbox 692 4382 720 4430; x_wconf 83' lang='grc'><strong>19</strong></span> <span class='ocrx_word' id='word_1_214' title='bbox 737 4382 770 4444; x_wconf 72' lang='lat' dir='ltr'><strong>cjl</strong></span> <span class='ocrx_word' id='word_1_215' title='bbox 782 4399 812 4445; x_wconf 82' lang='lat' dir='ltr'><strong>p.</strong></span> <span class='ocrx_word' id='word_1_216' title='bbox 829 4385 889 4442; x_wconf 70' lang='lat'><em>6:32,</em></span> <span class='ocrx_word' id='word_1_217' title='bbox 905 4384 981 4431; x_wconf 78' lang='grc' dir='ltr'><strong>13-Ιῖ</strong></span> <span class='ocrx_word' id='word_1_218' title='bbox 1046 4383 1076 4432; x_wconf 76' lang='grc'><strong>16</strong></span> <span class='ocrx_word' id='word_1_219' title='bbox 1092 4400 1108 4429; x_wconf 73' lang='lat' dir='ltr'><strong>a</strong></span> <span class='ocrx_word' id='word_1_220' title='bbox 1124 4400 1138 4429; x_wconf 79' lang='lat' dir='ltr'><strong>-r</strong></span> <span class='ocrx_word' id='word_1_221' title='bbox 1155 4403 1170 4430; x_wconf 73' lang='lat' dir='ltr'><strong>a·</strong></span> <span class='ocrx_word' id='word_1_222' title='bbox 1187 4400 1201 4427; x_wconf 73' lang='grc'><strong>6</strong></span> <span class='ocrx_word' id='word_1_223' title='bbox 1217 4400 1232 4428; x_wconf 64' lang='lat' dir='ltr'><strong>a·</strong></span> <span class='ocrx_word' id='word_1_224' title='bbox 1249 4400 1264 4428; x_wconf 76' lang='lat' dir='ltr'><strong>r·</strong></span> <span class='ocrx_word' id='word_1_225' title='bbox 1280 4381 1495 4431; x_wconf 77' lang='grc'><strong>1666666666111</strong></span> <span class='ocrx_word' id='word_1_226' title='bbox 1559 4381 1589 4430; x_wconf 77' lang='grc'><strong>17</strong></span> <span class='ocrx_word' id='word_1_227' title='bbox 1604 4381 1699 4446; x_wconf 83' lang='lat' dir='ltr'><strong>cilyn·</strong></span> 
     </span>
     <span class='ocr_line' id='line_1_30' title="bbox 548 4460 675 4510; baseline 0.024 -3"><span class='ocrx_word' id='word_1_228' title='bbox 548 4460 630 4509; x_wconf 75' lang='lat' dir='ltr'><strong>‹lrum</strong></span> <span class='ocrx_word' id='word_1_229' title='bbox 645 4461 675 4510; x_wconf 79' lang='lat' dir='ltr'><em>M</em></span> 
     </span>
    </p>
   </div>
   <div class='ocr_carea' id='block_1_12' title="bbox 0 0 1748 5108">
    <p class='ocr_par' dir='ltr' id='par_1_22' title="bbox 0 0 1748 5108">
     <span class='ocr_line' id='line_1_31' title="bbox 0 0 1748 5108; baseline 0 0"><span class='ocrx_word' id='word_1_230' title='bbox 0 0 1748 5108; x_wconf 95' lang='lat' dir='ltr'><strong> </strong></span> 
     </span>
    </p>
   </div>
  </div>
 </body>
</html>
