3488 5108
481 363 542 422 658
922 377 1062 423 roncini
1081 378 1184 423 nnvru

482 536 696 623 reciprocum
719 535 897 601 vinculum
916 550 949 601 et
969 536 1007 601 in
1035 535 1186 621 quodam
1205 534 1386 623 qualitatis
1410 532 1542 600 ordine
1561 552 1647 597 con·

482 665 610 729 sistere.
631 665 638 744 Ι
658 663 767 748 Atqui
789 663 885 728 iuxta
905 663 1028 728 horum
1044 663 1252 729 sententium
1268 661 1412 749 genium
1428 665 1648 745 sequeretur
1672 663 1740 727 88

483 789 646 854 continue
674 789 803 854 mutari
834 798 867 852 et
897 788 1056 871 alterari,
1080 788 1171 855 sicut
1198 786 1345 871 formae,
1372 783 1645 874 complexiones

482 924 518 978 et
560 913 690 1001 species
725 913 934 983 alterantur,
971 913 1055 998 qnia
1088 936 1191 999 quem
1220 935 1307 1000 puer
1335 912 1464 996 vincit,
1498 909 1644 976 iuvenis

438 1044 553 1105 bnon
573 1038 657 1104 item
687 1039 817 1121 vincit,
833 1062 937 1124 quem
959 1038 1137 1104 vinciebat
1169 1039 1298 1126 puella,
1322 1037 1443 1104 eadem
1472 1043 1643 1102 matrona

482 1185 553 1228 non
581 1163 702 1227 vincit.
731 1163 812 1229 Non
844 1186 927 1251 ergo
950 1163 994 1230 ad
1028 1187 1134 1229 unum
1165 1163 1376 1251 principium
1408 1161 1642 1228 referendum

481 1296 533 1354 est
551 1295 586 1354 et
605 1289 765 1376 simplex,
786 1289 877 1374 quod
896 1289 1028 1375 aliquid
1058 1289 1286 1376 compositum
1305 1289 1396 1353 etin
1420 1310 1487 1354 sua
1506 1294 1641 1354 natura

481 1415 617 1479 a’arium
637 1430 741 1499 atque
760 1414 865 1479 etiam
885 1437 927 1479 ex
946 1413 1129 1480 contrariis
1148 1414 1338 1479 consistens
1354 1412 1546 1479 vinciatur.

839 1636 913 1682 Quom
928 1636 1017 1675 facilius
1032 1636 1126 1675 vinciat.
1142 1637 1192 1675 Art.
1207 1636 1271 1676 Vlll.

416 1800 458 1864 to
570 1803 683 1867 Homo
702 1801 922 1890 potissimum
945 1802 1110 1887 uincitur,
1133 1803 1195 1888 qui
1212 1803 1327 1868 verius
1345 1802 1447 1868 homo
1465 1808 1536 1885 est,
1558 1824 1641 1888 spe·

483 1929 535 1994 cie
565 1928 864 2015 dignissimorum,
890 1929 950 2012 qui
975 1929 1079 2015 longe
1102 1929 1217 2016 placet
1246 1927 1394 2016 emplius
1421 1927 1642 2015 dignissime

481 2079 619 2143 sperare
638 2078 741 2141 quam
776 2054 950 2143 possidere
981 2055 1084 2121 vilia:
1114 2055 1237 2121 horum
1261 2053 1387 2143 quippe
1412 2056 1640 2142 possessione

480 2179 582 2247 facile
613 2181 886 2263 stomachamur,
917 2202 1141 2266 quaecunque
1169 2202 1240 2246 non
1267 2179 1367 2246 facile
1393 2179 1639 2268 possidemus,

480 2304 658 2372 ardentius
678 2305 881 2394 deperimus.

416 2495 457 2558 15
775 2510 804 2550 Ut
820 2509 879 2548 ldem
895 2511 974 2550 eodem
990 2509 1112 2549 contrariis
1128 2509 1215 2559 alligat.
1231 2510 1282 2549 Art.
1298 2509 1338 2549 lx.

568 2660 721 2726 Confusa
741 2668 776 2726 et
796 2659 1046 2745 quodammodo
1063 2660 1167 2726 etiem
1184 2660 1358 2726 contraria
1373 2659 1540 2727 videntur
1556 2684 1639 2728 esse

480 2785 671 2850 uincientia
690 2786 732 2850 ab
753 2785 871 2850 eodem
892 2786 997 2850 etiam
1014 2784 1200 2851 vinolentis
1218 2807 1357 2871 genere,
1376 2785 1438 2850 ubi
1457 2788 1639 2853 contrarii

481 2911 697 2975 vinculorum
727 2910 869 2975 effectus
898 2919 932 2975 ct
960 2910 1102 2976 effectus
1125 2909 1368 2997 inspiciuntur.
1399 2911 1510 2988 Quem
1535 2913 1638 2978 enim

479 3036 588 3116 (verbi
611 3036 737 3122 gretia)
759 3035 942 3122 Cupidinis
962 3036 1102 3101 vincula
1121 3035 1327 3119 invaserint,
1348 3059 1416 3102 uno
1437 3036 1637 3123 eodemque

412 3171 455 3233 20
478 3161 559 3247 igne
588 3167 692 3247 utque
720 3161 837 3247 laquei
861 3185 961 3227 sensu
991 3161 1167 3227 videbitur
1191 3162 1267 3248 cogi
1293 3161 1336 3227 ad
1360 3161 1636 3228 exclamandum

478 3294 512 3350 et
529 3287 727 3370 tacendum,
748 3287 919 3352 leet-itiam
940 3287 1134 3370 tristitiom,
1156 3311 1250 3373 spem
1275 3295 1310 3352 et
1334 3287 1635 3374 desperationem,

477 3409 637 3475 timorem
666 3417 700 3476 ct
724 3411 916 3496 euduciem,
943 3414 1030 3477 irem
1055 3422 1089 3476 et
1113 3413 1426 3497 mansuetudinem,
1448 3412 1573 3479 fletum
1596 3422 1636 3479 ct

477 3535 601 3617 risum3
620 3536 711 3601 uncle
730 3537 817 3602 illud

678 3702 713 3763 Io
733 3704 788 3764 ohe
806 3712 893 3782 porto
913 3704 1034 3764 d'omor
1052 3706 1145 3765 l’alto
1166 3706 1292 3766 vessillo
1359 3702 1366 3723 ⁶

677 3810 787 3871 Gelate
805 3812 844 3871 ho
863 3833 967 3890 spenre
985 3834 1001 3872 e
1019 3813 1040 3871 li
1058 3813 1141 3873 desii·
1158 3814 1291 3889 cocenti,

677 3920 705 3978 A
724 3939 763 3976 un
781 3927 883 3997 tempo
902 3920 1079 3996 agghieccio
1098 3942 1114 3979 e
1132 3928 1244 3997 tremo,
1262 3921 1335 3981 ardo
1355 3942 1370 3981 e
1389 3921 1527 4000 sfavillo,

677 4027 703 4083 Ε
721 4033 804 4085 muto
823 4026 919 4085 culmo
938 4027 959 4085 il
977 4027 1033 4085 ciel
1053 4027 1090 4086 de
1111 4027 1209 4086 strido
1223 4027 1351 4087 ardenti.

569 4285 584 4331 4
602 4283 784 4333 alternantur
802 4277 850 4334 ΜΓ
913 4287 942 4335 10
959 4285 1058 4348 potiss.
1076 4284 1108 4333 Μ
1171 4288 1201 4335 11
1222 4287 1279 4351 qui]
1300 4287 1316 4336 l.
1336 4286 1381 4336 cui
1446 4289 1486 4338 24.
1501 4304 1528 4353 p.
1544 4289 1631 4352 655ss

479 4365 547 4426 ΟΜ).
568 4363 624 4412 alal.
641 4380 672 4427 p.
690 4366 750 4424 633,
762 4367 848 4413 26-33
864 4365 932 4429 Lep.
995 4366 1026 4415 25
1044 4372 1067 4425 c]
1083 4362 1097 4431 ’p
1112 4365 1144 4414 Μ
1206 4367 1245 4416 26.
1262 4384 1274 4415 c
1288 4384 1313 4433 p.
1328 4368 1384 4431 658,
1398 4370 1421 4418 1.
1435 4369 1459 4416 2.
1473 4368 1497 4418 3.
1512 4371 1529 4419 4
1546 4368 1571 4439 e]
1586 4389 1629 4421 so·

476 4444 526 4493 ltro
540 4442 741 4494 ‹rotrociuciouc
757 4448 806 4511 (ct)
820 4445 852 4494 M
