3488 5108
297 368 357 425 351
737 376 877 421 rounam
897 376 999 422 unvai

298 537 408 602 tentia
425 535 666 622 Pythagorica.
678 534 926 600 Verumtamen
942 539 1062 599 contra
1072 533 1156 598 haec
1169 534 1327 621 pluribus
1340 556 1443 620 agere

298 662 549 751 inpraesentia
574 684 644 727 non
663 660 802 727 videtur
821 683 892 726 esse
911 661 1154 743 necessarium,
1175 658 1302 725 sufficit
1326 666 1441 725 autem

297 790 362 856 hoc
389 795 527 854 tantum
555 788 593 853 in
621 786 821 853 memoriam
849 786 1017 868 revocari,
1048 786 1140 870 quod
1169 808 1284 851 rerum
1313 784 1443 872 species

299 915 369 981 sint
388 913 537 979 invicem
557 913 691 979 activae
715 923 819 997 atque
837 912 1007 999 passivae,
1025 910 1055 976 si
1078 909 1129 974 ita
1152 916 1216 994 est,
1236 918 1318 976 sunt
1336 910 1442 977 etiam

254 1039 513 1118 balterabiles;
537 1038 567 1102 si
590 1045 675 1104 sunt
699 1036 908 1120 alterabiles,
938 1042 1020 1102 sunt
1047 1036 1152 1101 etiam
1182 1035 1442 1124 corruptibiler,

298 1164 362 1231 hoo
380 1171 496 1230 autem
520 1171 572 1228 est
595 1163 743 1227 maxime
767 1184 827 1248 per
846 1163 1030 1249 qualitates
1050 1162 1311 1244 elementorum,
1331 1162 1442 1248 sequi-

298 1299 356 1356 tur
375 1312 456 1375 ergo
480 1289 518 1354 in
540 1288 625 1374 ipsis
650 1309 721 1353 esse
745 1286 955 1375 reciprocam
979 1286 1162 1352 victoriam
1186 1294 1221 1352 et
1243 1288 1440 1371 interitum,

297 1413 510 1501 proindeque
535 1435 751 1479 communem
775 1434 847 1477 esse
871 1411 1044 1498 quandam
1068 1412 1222 1478 omnium
1248 1413 1444 1496 materiam,
1469 1410 1559 1473 59*
1572 1410 1619 1472 Β

298 1562 367 1625 qua
399 1538 569 1604 existente
599 1537 834 1624 generationis
864 1537 1056 1603 subiectum
1083 1538 1330 1623 relinquuntur
1357 1537 1442 1603 haec

235 1678 276 1742 10
297 1663 512 1750 generabilia
530 1669 565 1728 et
583 1661 833 1749 corruptibilia.

387 1808 420 1846 n.
450 1787 635 1853 Generatio
659 1810 741 1853 vero
765 1794 799 1852 et
828 1785 1003 1873 corruptio
1031 1786 1187 1871 sequitur
1212 1809 1254 1851 ex
1280 1808 1319 1851 eo
1350 1785 1442 1870 quod

298 1894 378 1978 hoc
394 1912 531 1997 quidem
562 1920 614 1978 est
644 1919 724 1977 actu
754 1912 835 1995 tale,
857 1911 944 1976 illud
964 1933 1044 1977 vero
1068 1911 1226 1998 potentia
1250 1910 1332 1995 tale,
1351 1910 1442 1976 sieut

299 2037 432 2103 dictum
452 2037 559 2103 estin
577 2036 690 2124 primo
709 2037 798 2102 libro
817 2036 985 2123 Physici
1004 2036 1178 2102 auditus.

575 2257 712 2298 Differentla
727 2258 787 2297 inter
802 2256 934 2296 mixtionem
949 2261 971 2296 et
987 2256 1166 2304 generationem.

234 2416 276 2479 lo
388 2409 514 2474 Differt
530 2407 653 2473 mixtio
673 2431 693 2472 a
712 2405 950 2493 generatione,
972 2407 1053 2491 quia
1073 2407 1110 2472 in
1134 2407 1201 2473 ista
1231 2408 1443 2495 intelligitur

299 2535 490 2628 necessario
520 2531 767 2598 transmutatio
798 2530 986 2597 secundum
1016 2532 1262 2617 substantiam,
1287 2535 1378 2601 actio
1408 2543 1443 2601 et

298 2660 430 2748 passio,
451 2661 488 2724 in
512 2658 742 2724 miscibilibus
772 2678 853 2723 vero
888 2657 953 2722 etsi
983 2657 1029 2723 sit
1058 2659 1148 2725 actio
1179 2667 1285 2745 atque
1311 2661 1440 2746 passi0,

300 2808 376 2851 cnm
395 2807 434 2849 ea
458 2784 534 2870 ipsa
553 2785 624 2849 sint
645 2782 896 2868 quodammodo
927 2784 1115 2868 contraria,
1135 2792 1278 2850 manent
1298 2788 1303 2868 Ι
1323 2793 1440 2852 tamen
1464 2788 1557 2852 42³
1572 2787 1610 2852 0¹

297 2917 413 2997 partes
432 2910 526 2996 ipsae
546 2910 583 2973 in
603 2930 664 2973 sua
683 2917 808 2973 natura
827 2931 886 2972 seu
905 2909 1027 2994 speeie.
1050 2909 1194 2986 Quando
1210 2910 1302 2975 enim
1323 2911 1440 2977 tritico

232 3040 276 3102 ‘20
299 3036 461 3101 miscetur
476 3034 624 3115 milium,
646 3040 760 3120 partes
780 3033 890 3098 tritici
908 3042 943 3098 et
967 3034 1055 3098 milii
1085 3034 1122 3099 in
1148 3058 1210 3101 sua
1236 3037 1440 3123 integritate

298 3168 458 3243 manent,
480 3161 540 3226 ubi
559 3181 641 3225 vero
662 3181 770 3244 aquae
789 3158 952 3224 miscetur
970 3159 1107 3242 viuum,
1128 3160 1183 3225 vel
1204 3162 1330 3227 accidit
1349 3164 1441 3228 actio

298 3293 403 3371 atque
421 3285 533 3373 passio
553 3285 706 3372 partium
726 3285 826 3350 istius
848 3307 924 3349 eum
943 3286 1101 3371 partibus
1121 3287 1214 3351 illius
1235 3295 1269 3351 et
1293 3288 1375 3353 talis
1395 3289 1441 3355 al·

298 3412 438 3494 teratio,
463 3410 575 3496 qumis
599 3432 678 3475 mox
698 3410 827 3492 evcnit,
848 3417 887 3475 ut
906 3434 1018 3495 noque
1037 3434 1156 3476 verum
1177 3413 1222 3477 sit
1242 3413 1354 3478 elicere
1377 3414 1443 3479 lioc

299 3537 445 3602 mixtum
465 3559 537 3602 esse
554 3535 675 3602 vinum
692 3559 803 3621 nequo
823 3557 957 3619 aquam,
979 3536 1037 3600 scel
1053 3561 1212 3624 vappam.
1229 3539 1352 3624 ltaque
1371 3563 1441 3605 non

231 3669 274 3731 Ξῖ)
298 3668 371 3726 tam
390 3664 537 3726 mixtum
554 3661 682 3727 <licitur
698 3661 836 3746 proprie
849 3659 913 3725 hoc
930 3684 1032 3746 quam
1049 3662 1145 3727 illud.
1164 3664 1263 3740 Quod
1280 3665 1309 3729 si
1325 3674 1441 3751 partes

296 3792 436 3872 possent
456 3786 606 3851 inveniri
629 3809 708 3851 vere
732 3785 898 3850 alteratae
928 3809 986 3850 seu
1015 3788 1202 3852 secumlum
1232 3790 1337 3854 aliam
1365 3814 1441 3877 spe-

298 3914 384 3978 ciem
419 3920 686 3995 transmutatae,
717 3935 831 3999 vappa
859 3922 946 3978 esset
977 3916 1117 3980 omniuo
1144 3916 1246 3980 tortia
1272 3919 1441 4001 quaedam

298 4039 426 4125 species
446 4062 466 4104 a
484 4039 566 4104 vino
586 4045 620 4103 et
638 4061 736 4123 aqua.
757 4039 844 4103 Cum
858 4062 939 4104 vcro
959 4039 1105 4105 artificio
1124 4041 1272 4127 (prodam
1289 4065 1379 4128 aqua
1395 4043 1441 4108 sit

391 4272 796 4324 llilnumeroilmancoinsl
842 4273 1291 4325 llclbmistionememistioE
1336 4277 1441 4340 QOmy-

297 4353 522 4418 liumemyliiE
566 4352 1034 4405 nuntiandaca-nceuarevelr
1081 4355 1240 4421 aequalia
1285 4358 1377 4408 arena
1391 4357 1441 4407 mi·

300 4441 375 4486 stum
385 4435 413 4484 E
474 4437 505 4486 24
521 4435 639 4485 cancella
652 4432 681 4483 fa
694 4432 807 4485 innanzi
819 4452 837 4483 a
850 4449 969 4500 vappam
983 4435 1010 4486 B
