3488 5108
670 424 800 470 anneis
820 423 978 470 ra1c1sri
1000 424 1208 472 srarvaavn.
1452 411 1511 471 163

364 579 432 646 sibi
452 579 597 666 quisque
616 579 720 667 fingit
738 581 868 648 maiora
885 581 940 648 his
964 605 1052 668 quae
1075 583 1184 666 videt,
1208 583 1263 648 vel
1287 605 1329 648 ex
1351 582 1406 648 his
1430 603 1510 647 con·

364 705 553 790 sequentia,
571 713 663 772 etex
681 707 811 794 apertis
826 707 868 773 de
883 706 1025 773 occultis
1044 708 1132 774 bene
1151 707 1283 774 iudicat
1299 713 1333 773 et
1348 706 1508 774 consu-lit.

452 830 587 898 XVHI.
611 832 675 897 Est
693 832 885 899 incantatio
904 832 1113 919 generaliter
1126 832 1233 917 dicta,
1250 853 1338 920 quae
1354 832 1510 919 sequitur
1535 831 1653 895 165ν

363 978 406 1021 ex
430 956 730 1024 commentatione.
755 957 855 1025 Sicut
882 959 975 1025 enim
1003 959 1238 1026 incantatores
1267 957 1408 1024 incertis
1438 957 1512 1044 qui·

320 1085 341 1149 5
364 1081 508 1149 busdam
533 1090 568 1150 et
591 1084 735 1150 occultis
759 1085 954 1152 rationibus
979 1084 1112 1151 vincire
1141 1084 1370 1174 protendunt,
1395 1084 1445 1151 ita
1469 1107 1511 1151 ex

366 1210 656 1277 commentatione
675 1210 737 1277 illa
755 1211 986 1299 proficiscitur
1002 1210 1111 1277 veluti
1126 1210 1327 1277 harmonica
1344 1209 1511 1296 quaedam

365 1335 469 1421 ratic,
490 1335 550 1401 sed
569 1337 715 1421 occulta,
736 1342 776 1402 ut
794 1336 936 1403 tandem
955 1343 1047 1403 amet
1066 1342 1100 1403 et
1119 1336 1252 1402 neseiat
1266 1357 1386 1421 quare,
1406 1343 1441 1402 et
1459 1358 1511 1403 re·

362 1462 476 1527 tiones
495 1461 667 1528 describat
685 1461 896 1548 generaliter
918 1484 960 1527 ex
983 1461 1149 1545 crinibus,
1175 1484 1217 1526 ex
1240 1459 1362 1546 oculis,
1388 1484 1429 1526 ex
1452 1483 1510 1528 ore

363 1592 398 1652 et
418 1585 561 1652 caeteris
586 1584 797 1671 huiusmodi,
817 1609 896 1653 cum
915 1592 1032 1653 tamen
1051 1585 1178 1653 amoris
1197 1585 1251 1652 vis
1270 1608 1312 1650 ex
1331 1584 1511 1652 individuo

299 1720 342 1784 10
366 1711 529 1797 quodam,
549 1711 639 1778 siout
659 1717 694 1777 et
713 1711 864 1779 musicae
882 1720 917 1779 et
936 1711 1137 1779 hermoniae
1158 1733 1200 1777 ex
1224 1709 1406 1776 individua
1430 1732 1512 1797 qua·

365 1836 445 1904 dam
465 1837 692 1904 consonantia
711 1838 821 1904 oritur
840 1837 1091 1925 complacentia
1111 1859 1170 1903 seu
1189 1835 1344 1902 dulcedo.

453 1961 585 2054 (XIX.)
611 1994 630 2030 a
657 1992 675 2030 s
702 1992 719 2030 a
733 1963 788 2029 vel
799 1969 896 2029 actus
905 1962 1077 2029 resultans
1088 1985 1129 2028 ex
1142 1961 1278 2028 obiecto
1294 1966 1329 2026 et
1346 1960 1509 2046 subieet0,

363 2093 483 2174 utpote
502 2110 549 2154 ex
562 2110 646 2154 sono
666 2095 701 2154 et
720 2087 851 2154 auditu.

450 2213 535 2280 XX.
559 2214 623 2280 Est
641 2212 856 2299 illaqueati0,
875 2218 998 2301 utpote
1016 2211 1175 2297 effectus,
1195 2213 1256 2298 qui
1272 2218 1324 2278 est
1339 2211 1509 2298 obligatio

299 2353 339 2418 15
363 2338 530 2425 quaedam
549 2337 741 2405 affectionis
758 2337 895 2405 Peritae
911 2344 946 2404 et
965 2343 1162 2426 superatae,
1180 2358 1251 2403 non
1271 2336 1325 2404 sui
1344 2336 1508 2425 amplius,
1545 2328 1548 2333 ¹

362 2463 421 2531 sed
441 2464 547 2530 alieni
566 2463 662 2529 iuris.

451 2589 554 2655 XXI.
579 2588 631 2655 De
650 2589 900 2656 resultantibus
919 2597 971 2655 est
990 2588 1133 2656 dulcedo
1153 2610 1214 2655 seu
1234 2587 1366 2673 dulcor,
1385 2593 1508 2674 utpote

360 2715 450 2780 ratio
473 2721 509 2780 et
532 2714 645 2781 forma
668 2737 735 2802 qua
760 2737 879 2782 amans
902 2713 1065 2799 afficitur,
1089 2715 1181 2782 sicut
1206 2715 1318 2781 calore
1342 2713 1508 2798 calidum,

360 2839 504 2906 humore
523 2839 715 2906 humidum.

293 2980 338 3044 20
450 2965 570 3031 XXII.
586 2967 649 3033 Est
664 2966 789 3053 gratia,
809 2988 870 3054 per
886 2988 989 3053 quam
1007 2966 1099 3053 quod
1115 2965 1214 3032 dulce
1231 2971 1283 3033 est
1300 2987 1509 3052 consequen·

361 3097 415 3156 ter
434 3097 486 3158 est
505 3100 655 3180 gratum.

449 3218 677 3298 XXIILEst
696 3217 833 3300 caritas,
855 3239 923 3304 qua
943 3215 1105 3282 videlicet
1128 3215 1216 3282 illud
1238 3214 1329 3302 quod
1353 3222 1406 3282 est
1429 3237 1509 3302 gra·

360 3352 435 3410 tum
455 3350 702 3432 consequenter
721 3351 773 3410 est
793 3351 973 3431 acceptum
991 3349 1026 3408 et
1045 3365 1175 3409 carum.
1585 3331 1588 3335 ¹

452 3550 515 3601 3.ss
533 3549 604 3613 dopo
625 3549 745 3601 dulcedo
767 3549 851 3614 ripeta
872 3541 904 3599 sil
924 3549 977 3599 Est
998 3549 1371 3600 incantatio—barmoniae
1398 3551 1450 3614 (vv.
1473 3550 1506 3599 3-

360 3633 387 3695 9)
405 3631 441 3681 A:
465 3628 629 3681 indicbiamo
649 3646 698 3681 con
721 3628 758 3678 Aa
777 3630 800 3680 Ic
821 3627 945 3680 varianti
969 3629 1013 3680 dez
1035 3627 1122 3680 branc
1143 3628 1260 3693 ripaticis
1323 3629 1374 3680 4.6
1389 3630 1508 3679 Siout-

360 3713 673 3764 commentationem.
699 3711 733 3761 M
792 3711 1038 3763 tineentaticnes
1056 3710 1093 3759 Ab
1158 3710 1260 3761 &tex
1278 3709 1422 3774 crinibus,
1441 3725 1507 3761 oeu-

360 3847 395 3896 lis
410 3851 463 3897 etc.
478 3845 642 3914 hujusmodi
658 3849 695 3895 Ab
758 3847 789 3898 10
806 3851 835 3895 et
847 3846 1013 3895 harmoniae
1026 3800 1325 3896 AlMieliarmeniaeA
1391 3845 1421 3894 12
1428 3844 1507 3908 forse

360 3925 381 3976 ii
401 3926 504 3991 copiola
524 3926 553 3977 di
573 3927 611 3988 A,
630 3926 760 3977 aecortosi
784 3926 813 3977 cu·
832 3942 912 3977 coare
928 3926 1045 3990 ripetuto
1061 3930 1259 3976 arrosiecmcute
1283 3923 1425 3976 l'crticolo
1442 3941 1506 3989 prc-

359 4008 461 4058 cedente
481 4008 526 4071 (cf.
549 4025 567 4058 a
588 4024 611 4057 a.
630 4009 648 4055 3
671 4009 754 4071 squ),
772 4009 797 4057 si
810 4021 969 4071 propensae
987 4003 1017 4056 ds·
1033 4005 1183 4055 cancellare
1203 4006 1231 4054 la
1249 4011 1331 4070 parte
1351 4004 1471 4072 ripetato
1494 4022 1507 4055 a

359 4087 494 4138 acatitas‘rc
508 4087 579 4137 sulla
593 4088 778 4138 cancellatum
793 4087 821 4137 la
828 4085 923 4151 prima
939 4093 1020 4151 parte
1037 4086 1100 4136 dell'
1112 4083 1225 4136 ανίἰοοίο
1236 4085 1322 4136 XIX:
1337 4086 1366 4136 in
1379 4084 1433 4135 Ma
1444 4102 1507 4152 sup·

358 4166 440 4234 plito,
453 4166 651 4218 evidentemente
663 4183 714 4231 per
727 4172 882 4233 conpellare
890 4205 897 4229 ,
912 4167 1008 4225 (XIX.
1025 4168 1077 4217 aa
1089 4168 1257 4232 fascinatio,
1273 4170 1376 4232 utpote
1389 4166 1505 4231 passiva

359 4265 394 4300 ex
411 4248 608 4299 incantatione
628 4263 809 4314 consequens
829 4249 952 4311 illectio,
971 4249 1012 4298 ita
1036 4254 1067 4298 ut
1086 4247 1246 4298 incantatio
1267 4247 1504 4313 proportionetur

359 4343 440 4390 sono,
454 4327 606 4380 fascinatio
622 4345 690 4381 vero
705 4328 847 4394 auditui,)
863 4330 907 4380 vel
922 4335 1005 4380 actus
1020 4329 1167 4379 resultans
1179 4334 1224 4378 etc.
1276 4328 1305 4377 15
1317 4327 1427 4394 peritae
1440 4326 1505 4394 (ciel

360 4395 1004 4476 pertiaeriipnoncotiarumeevuuau
1063 4407 1303 4460 nonantula
1364 4408 1505 4477 asenap-

358 4497 419 4543 tum
434 4497 464 4543 et
475 4506 573 4543 carum
584 4491 641 4542 noi:
657 4497 805 4558 acceptum
819 4496 848 4542 et
860 4496 976 4556 gratum
990 4492 1025 4540 A:
1044 4491 1163 4544 charum
1178 4495 1207 4542 et
1218 4494 1368 4558 acceptum
1381 4489 1413 4541 Μ
