3488 5108
303 361 364 425 tm
743 378 884 427 munim
902 380 1006 427 enum

304 536 462 623 potentio
483 535 520 600 in
547 535 628 619 BD;
653 557 733 601 nam
760 542 930 623 quantum
949 538 1090 605 morbus
1112 538 1258 606 maiores
1288 539 1381 608 vires
1406 539 1451 607 de

305 661 462 748 potentie
480 659 518 725 in
537 665 652 726 ectum
671 666 791 726 contre
809 668 971 727 naturum
990 661 1144 750 deducit,
1164 671 1302 731 tantum
1322 672 1454 731 nutura

305 794 450 853 conetur
468 787 614 852 maiores
631 786 721 853 vires
741 786 783 852 de
800 788 958 875 potentie
976 789 1014 854 in
1033 796 1150 856 actum
1166 789 1344 876 deducere,
1370 813 1453 858 con·

306 910 473 977 servando
493 910 583 977 vires
602 911 640 976 in
659 912 862 978 actualitate
880 935 952 980 sua.

261 1044 282 1105 b
393 1036 630 1103 Veruntamen
640 1037 721 1122 quia
732 1036 839 1102 febris
851 1044 904 1103 est
914 1037 1050 1125 duplex,
1063 1038 1140 1104 ideo
1154 1047 1279 1106 nature
1294 1062 1315 1106 e
1328 1039 1452 1106 morbo

305 1166 377 1226 tem
400 1183 501 1248 saepe
527 1167 688 1244 vexatur,
710 1162 791 1246 quic
813 1168 956 1249 propter
980 1163 1121 1249 longum
1151 1163 1452 1230 continuationem

306 1287 498 1353 subiectum
523 1287 596 1353 eius
616 1285 849 1374 corrumpitur
869 1292 903 1351 et
921 1286 1028 1353 istum
1048 1287 1203 1354 ordinem
1223 1297 1343 1355 contra
1361 1310 1454 1356 mor·

305 1412 389 1478 bum
407 1434 544 1478 servare
563 1434 633 1478 non
651 1416 776 1498 potest.

394 1537 487 1604 Illud
505 1544 635 1619 cutem,
656 1542 798 1624 propter
817 1537 908 1623 quod
932 1545 1103 1622 quartana
1122 1538 1269 1624 simplex
1287 1536 1407 1604 differt
1431 1561 1454 1604 a

242 1665 283 1727 10
305 1661 445 1750 duplici,
464 1670 517 1729 est
535 1663 617 1748 quia
633 1661 746 1727 media
765 1669 847 1728 sunt
866 1662 945 1749 plus
964 1663 1075 1728 mixte
1095 1668 1130 1728 et
1148 1669 1272 1749 purete
1290 1663 1328 1728 in
1347 1685 1452 1749 quar·

306 1796 389 1852 tenu
408 1787 537 1874 duplici
556 1809 660 1872 quain
671 1787 710 1852 in
726 1786 885 1873 simplici,
898 1786 1035 1872 quando
1047 1809 1089 1852 ex
1110 1782 1452 1872 quibusdam'humo-

305 1912 400 1978 ribus
420 1912 464 1977 ud
482 1912 567 1977 alios
585 1912 746 1977 humores
770 1912 810 1976 fit
834 1912 1008 1995 transiti03
1029 1921 1064 1977 et
1093 1912 1175 1998 quic
1205 1921 1350 1979 naturae
1378 1934 1452 1979 non

306 2036 498 2102 concedunt
520 2043 658 2102 tentum
681 2037 790 2124 spacii
814 2045 849 2103 et
873 2037 1012 2122 quietis,
1038 2043 1169 2123 quanto
1193 2039 1285 2103 vires
1310 2060 1390 2104 sues
1415 2045 1453 2104 et

238 2205 255 2242 ,
306 2163 443 2229 morbos
458 2184 619 2250 reperere
646 2194 664 2229 c
691 2191 710 2228 s
736 2191 772 2245 e,
788 2162 865 2227 ideo
877 2161 985 2227 febris
1000 2160 1128 2248 duplex
1144 2169 1196 2227 est
1211 2160 1321 2227 meior
1334 2169 1368 2228 et
1381 2183 1455 2227 mo-

240 2294 282 2358 15
305 2288 424 2353 lestior
443 2286 604 2374 simplici,
626 2294 661 2352 et
680 2292 810 2374 quanto
830 2292 882 2351 est
900 2286 1022 2369 maior,
1042 2291 1141 2352 tanto
1157 2292 1284 2352 nature
1302 2287 1452 2354 maiores

305 2413 396 2478 vires
419 2413 457 2477 in
480 2417 561 2478 actu
579 2418 615 2476 et
638 2411 788 2477 minores
811 2410 916 2477 hebet
939 2410 977 2475 in
999 2410 1166 2498 potentia.
1184 2409 1285 2478 Unde
1298 2412 1377 2499 plus
1397 2418 1452 2478 est

305 2544 428 2625 parata
446 2545 571 2604 nature
590 2536 629 2602 in
648 2535 779 2623 duplici
798 2557 902 2621 quem
920 2536 958 2600 in
974 2535 1140 2624 simplici,
1158 2543 1201 2639 ut¹
1216 2558 1237 2602 c
1255 2536 1374 2602 morbo
1394 2536 1452 2602 de-

304 2667 478 2746 vincutum
497 2672 622 2731 nature
638 2664 730 2731 enim
746 2670 926 2730 conservat
943 2663 1102 2748 medium,
1115 2670 1257 2751 propter
1273 2661 1364 2749 quod
1378 2660 1405 2727 Ο
1418 2662 1450 2727 Β

305 2791 465 2859 similiter
480 2789 700 2873 conveniunt,
711 2795 745 2854 et
761 2788 850 2854 idem
867 2789 952 2854 facit
968 2787 1010 2853 de
1026 2788 1138 2854 medio
1153 2788 1308 2876 ipsorum
1323 2788 1356 2853 A
1368 2788 1400 2852 D
1415 2793 1452 2852 et

239 2926 283 2988 20
306 2919 347 2982 de
362 2916 483 2982 mediis
500 2915 526 2981 (l
539 2915 580 2980 D.

394 3042 535 3107 Morbus
555 3062 625 3105 non
643 3039 728 3105 facit
746 3047 859 3105 totum
880 3039 1092 3104 contrarium
1118 3038 1212 3104 illius
1243 3036 1335 3123 quod
1363 3036 1450 3102 facit
1479 3035 1578 3099 66‘

307 3174 441 3233 nutura.
470 3165 570 3232 Unde
596 3165 634 3231 in
662 3164 896 3231 destructione
927 3163 1074 3230 subiecti
1095 3163 1304 3250 qualitatum
1334 3162 1450 3227 multi-

305 3292 455 3378 plicetur
488 3290 642 3373 morbus,
674 3298 708 3354 et
738 3290 813 3355 ideo
839 3291 876 3354 in
899 3290 1030 3377 duplici
1061 3288 1156 3354 febre
1186 3288 1345 3353 humores
1369 3287 1449 3374 plus

306 3418 493 3483 miscentur
512 3424 547 3481 et
566 3415 770 3481 dividuntur
787 3439 892 3501 quarn
908 3415 945 3479 in
962 3414 1127 3500 simplici:
1148 3413 1337 3478 miscentur
1355 3413 1449 3500 plus,

240 3555 283 3617 25
306 3549 346 3608 ut
364 3541 499 3629 possint
514 3564 585 3607 esse
601 3541 723 3606 melius
744 3541 920 3623 contrarii,
942 3539 1149 3605 dividuntur
1169 3540 1262 3626 plus,
1281 3546 1452 3624 quatenus

308 3668 451 3733 materie
469 3667 623 3754 ipsorum
641 3668 754 3752 magis
773 3666 1006 3753 corrumpitur
1029 3674 1063 3731 et
1086 3665 1203 3730 minus
1233 3663 1452 3749 obtemperat

305 3795 468 3880 propriae
486 3792 626 3858 formae.

309 3965 561 3972 ---.-—--
792 3964 870 3969 —--›-
878 3961 1442 3972 0-———-—-—--——-—--..——

402 4065 735 4133 lnsminquentumX
795 4066 1117 4117 dvircsscssiullss
1182 4064 1450 4117 bncturcMLull.:

307 4166 372 4200 nuru
388 4147 448 4214 (ric)
461 4148 491 4197 X
552 4148 582 4198 10
598 4147 689 4198 mixte
701 4146 741 4196 X:
755 4147 841 4198 mista
851 4146 883 4196 Μ
944 4147 974 4196 in
985 4163 1071 4212 usurp.
1087 4146 1186 4198 Virtus
1197 4147 1233 4211 (l)
1246 4146 1312 4211 plus
1324 4145 1355 4194 in
1367 4150 1436 4196 netu
1447 4149 1451 4208 1

307 4231 403 4280 minus
413 4229 443 4279 in
457 4234 524 4279 ectu
537 4236 582 4278 est
593 4229 625 4278 M
688 4230 717 4278 14
730 4243 863 4292 reperero
873 4226 902 4277 in
915 4244 1001 4294 scarp.
1012 4230 1073 4294 (con
1083 4225 1224 4291 riclricmo)
1234 4225 1266 4275 M
1272 4243 1278 4276 :
1290 4224 1453 4275 indictione

307 4327 363 4359 iano
377 4310 475 4358 lacuna
489 4310 553 4374 (per
564 4324 599 4358 cs.
616 4310 762 4373 <possit>):
778 4308 807 4357 X
817 4323 871 4357 non
885 4306 1023 4373 differiscc
1037 4309 1073 4357 da
1087 4308 1158 4358 Lull.
1171 4325 1200 4370 p.
1216 4300 1265 4355 33⁰

803 4450 959 4457 ——-.
