3488 5108
295 417 354 474 208
734 429 873 472 [cantani
892 428 995 473 narni

294 589 337 654 ad
357 597 555 674 utrumque,
578 588 776 654 ordinatum
796 587 960 675 estquod
988 588 1025 653 in
1055 594 1150 654 certa
1178 588 1314 655 ratione
1332 595 1367 655 et
1385 587 1436 654 di·

293 717 429 805 gnitate
448 716 630 783 constituit
647 717 748 805 plura
767 715 954 782 secundum
975 717 980 803 Ι
1000 715 1096 803 prins
1116 723 1151 781 et
1168 717 1350 803 posterius.
1460 690 1603 780 184v'

384 843 442 911 VI.
466 844 530 910 Est
548 853 589 911 ut
607 844 808 909 terminus
827 865 847 908 a
864 865 957 929 quo,
978 843 1180 908 terminus
1199 843 1249 909 ad
1268 866 1384 930 quem
1403 852 1439 911 et

293 969 486 1035 medium:
503 969 636 1057 primus
655 976 707 1034 est
726 969 817 1034 unde
836 977 950 1035 motus
977 969 1033 1034 vel
1063 968 1249 1036 declinatio
1278 971 1335 1036 vel
1365 992 1438 1036 mu·

249 1106 270 1168 5
293 1095 393 1177 tatio,
414 1094 584 1160 secundus
602 1116 671 1181 qua
689 1094 746 1159 vel
764 1116 826 1182 per
843 1095 935 1182 quod
951 1095 991 1160 fit
1005 1099 1135 1177 motus,
1155 1095 1280 1161 tertius
1299 1101 1352 1162 est
1367 1117 1436 1182 quo

292 1222 348 1289 vel
366 1221 411 1287 ad
429 1216 531 1306 quod.

380 1347 458 1415 VII.
472 1347 536 1412 Est
554 1346 892 1430 eminentissime,
913 1345 1192 1431 sufficienter,
1206 1347 1437 1434 aequaliter

290 1474 508 1559 velaeque,
528 1480 565 1538 et
587 1494 674 1538 cum
698 1471 861 1538 defectu
892 1473 947 1538 vel
976 1472 1227 1539 defectuosa:
1256 1473 1361 1561 primi
1380 1497 1438 1561 ge-

292 1599 384 1667 neris
404 1611 487 1666 sunt
505 1622 592 1686 quae
611 1599 835 1686 superlative,
857 1599 999 1665 secundi
1018 1622 1107 1685 qnae
1126 1601 1362 1688 comparative
1381 1602 1437 1667 vel

228 1729 270 1791 10
292 1726 456 1812 positive,
477 1725 575 1791 tertii
594 1747 681 1811 quae
700 1725 879 1790 diminute.

381 1851 478 1916 VIII.
518 1851 583 1915 Est
622 1849 847 1937 superflue,
888 1851 995 1917 iuste
1041 1859 1075 1916 et
1113 1873 1312 1934 maneum
1348 1875 1436 1938 quae

291 1976 470 2042 distinctio
487 1975 604 2041 differt
618 1999 638 2041 a
654 1976 888 2062 praecedenti,
905 1975 986 2062 quia
1002 1997 1072 2042 non
1088 1976 1179 2042 idem
1196 1983 1248 2043 est
1263 1976 1435 2064 superflue

293 2107 328 2166 et
343 2101 614 2166 eminentissime
630 2124 690 2166 seu
705 2101 914 2185 eminenter,
928 2101 1008 2188 quia
1025 2102 1214 2168 eminentia
1226 2102 1313 2169 dicit
1328 2103 1435 2172 excel·

292 2227 436 2291 lentiam
455 2233 490 2292 et
509 2226 717 2312 dignitatem
736 2234 919 2313 perpetuo,
944 2226 1158 2313 superfluum
1188 2227 1435 2314 indignitatem

232 2370 272 2432 15
295 2360 329 2419 et
348 2353 680 2437 monstruositatem,
700 2353 874 2419 iniuriam.
900 2353 1069 2420 Similiter
1092 2355 1266 2420 contraria
1285 2353 1339 2420 his
1358 2377 1435 2420 con·

290 2474 407 2540 trariis
419 2474 612 2540 rationibus
624 2473 795 2558 different,
808 2496 895 2560 quae
908 2482 989 2540 sunt
1004 2475 1042 2540 in
1053 2474 1130 2541 aliis
1147 2475 1433 2559 extremitatibus

289 2605 374 2686 puta
386 2597 581 2665 defectuose
594 2607 629 2666 et
645 2599 853 2665 diminutive
868 2622 927 2665 sen
943 2599 1123 2665 diminute.
1138 2600 1315 2667 Differunt
1330 2590 1435 2668 etiam

290 2749 398 2813 aeque
417 2749 477 2792 seu
496 2727 686 2812 aequaliter
705 2733 739 2792 et
758 2726 862 2810 iuste,
882 2726 965 2813 quia
985 2727 1052 2794 duo
1069 2728 1243 2815 superflua
1259 2734 1294 2794 et
1310 2751 1433 2796 manca

290 2858 435 2938 possunt
454 2875 526 2917 esse
545 2875 652 2937 aeque
670 2852 769 2936 talia,
790 2874 860 2917 non
879 2858 996 2917 tamen
1015 2852 1104 2918 iuste
1123 2853 1217 2919 talia.

223 2991 268 3053 ⁶20
380 2977 445 3042 IX.
469 2978 534 3043 Est
557 2977 675 3061 bene,
701 2978 844 3043 melius
875 2986 910 3043 et
930 2978 1061 3044 minus
1084 2979 1200 3064 bene,
1220 3003 1307 3065 quae
1327 3005 1431 3047 mern·

289 3102 351 3168 bra
375 3110 457 3168 sunt
476 3102 587 3169 forma
606 3103 760 3169 omnium
779 3104 1070 3189 praedicatorum,
1094 3104 1183 3171 sicut
1203 3106 1332 3174 bonum
1351 3107 1433 3173 dici·

289 3236 347 3295 tur
366 3229 407 3294 de
427 3229 520 3293 omni
539 3235 618 3294 ente
638 3229 826 3294 secundum
846 3229 1011 3314 quosdam
1030 3230 1167 3316 gradus

378 3355 424 3418 X.
449 3355 514 3420 Est
537 3354 755 3420 secundum
787 3377 888 3436 esse,
918 3356 1139 3423 secundum
1167 3381 1280 3444 posse
1311 3366 1346 3423 et
1376 3383 1432 3425 se·

290 3481 463 3547 cundum
493 3482 671 3568 operari,
703 3481 784 3566 quia
803 3481 841 3547 in
861 3483 1021 3549 omnibus
1041 3491 1093 3549 est
1116 3485 1270 3571 primum
1299 3487 1433 3553 ratione

382 3707 397 3756 7
413 3705 483 3769 dopo
497 3705 724 3756 eminentissime
738 3705 857 3756 cancella
875 3708 937 3770 (seu
949 3708 1105 3772 superflue)
1123 3709 1162 3770 A,
1177 3709 1223 3759 cte
1237 3725 1290 3760 vion
1305 3710 1341 3760 ta
1352 3708 1433 3760 inter·

284 3785 420 3850 prtrrzione
433 3785 546 3837 innanzi
558 3804 576 3836 a
588 3787 779 3836 sufficienter:
796 3787 864 3836 uallo
878 3787 1033 3850 specchietlo
1051 3791 1087 3851 (u.
1102 3808 1118 3837 u
1132 3806 1162 3853 p.
1182 3792 1243 3852 206,
1264 3793 1305 3854 13)
1323 3791 1360 3840 aa
1377 3792 1435 3843 VII

289 3867 523 3918 Eminentissime
546 3869 550 3931 l
572 3867 742 3933 Aequaliter
767 3867 941 3918 sufficienter
956 3871 959 3930 l
975 3869 1045 3918 Cum
1067 3869 1197 3933 defectu,
1216 3869 1381 3922 defectuosd
1404 3872 1435 3921 M

289 3951 319 3998 10
335 3945 525 4013 compositivi)
538 3947 570 3997 Μ
630 3948 789 3999 diminutae
800 3947 837 3997 A:
846 3948 872 4010 f.
889 3949 1080 4010 deminutive,
1093 3968 1136 3999 ora
1153 3953 1188 4012 cf.
1202 3968 1226 4002 v.
1246 3954 1277 4001 17
1340 3955 1371 4003 12
1388 3969 1434 4004 su·

288 4030 429 4095 perfluum
447 4028 481 4077 Α1
546 4030 576 4079 15
593 4030 840 4081 monstrositatcm
864 4031 952 4091 (senza
976 4032 1014 4093 ot)
1033 4031 1065 4080 M
1127 4033 1434 4085 testamentalia

288 4110 473 4160 extremitate
492 4109 523 4159 Μ
603 4111 632 4159 17
659 4110 840 4179 diminutive]
865 4126 948 4160 avena
969 4108 1124 4162 conrinciato
1147 4129 1192 4163 ma
1213 4115 1247 4162 Ar
1325 4115 1357 4164 20
1380 4116 1433 4165 Eat

289 4197 493 4306 banosmlaliue
506 4249 535 4294 et
547 4244 643 4294 minue
657 4243 729 4294 bene
741 4247 778 4294 A:
792 4245 862 4294 nelle
875 4245 1028 4307 apecclrietlo
1042 4247 1119 4297 Bene
1134 4249 1138 4309 Ι
1152 4247 1257 4297 Melius
1271 4248 1348 4298 Bene
1362 4251 1366 4312 1
1381 4248 1433 4299 Mi·

288 4340 343 4375 nus
361 4326 439 4375 Bene
456 4324 488 4374 Μ
550 4331 631 4390 quae]
648 4331 680 4374 ut
694 4330 738 4374 est
751 4341 824 4391 quae
837 4326 885 4405 1¹¹2
893 4327 978 4376 ‹londc
994 4327 1027 4376 Μ
1039 4328 1203 4391 (oriellendo,
1225 4328 1254 4377 al
1270 4327 1361 4386 solito,
1381 4331 1433 4380 Est

288 4407 360 4455 benc
373 4406 491 4470 nboue,
510 4408 544 4470 cf.
563 4424 580 4454 a
594 4423 624 4469 p.
645 4408 705 4466 207,
722 4409 734 4453 1
751 4410 817 4469 sqq.)
836 4408 879 4458 IX
897 4408 934 4459 Ut
948 4414 992 4458 est
1009 4409 1084 4472 quod
1098 4410 1202 4473 forma,
1219 4425 1292 4476 quae
1306 4411 1432 4461 membra

288 4492 356 4539 sunt
368 4487 459 4538 forma
472 4492 517 4537 etc.
581 4487 612 4536 24
623 4488 702 4550 sorae
714 4488 810 4538 ratio?
