3488 5108
297 401 356 461 510
736 417 875 464 rounam
896 416 998 462 savin

297 580 396 638 extra
426 572 489 638 hoc
517 572 630 660 ipsum
657 573 753 638 etin
780 573 978 654 infinitum,
998 573 1089 659 quod
1119 572 1257 659 quidem
1281 573 1437 660 spacium

296 720 368 762 non
396 703 448 764 est
471 698 614 763 minoris
644 699 820 785 potentiae
851 699 1045 785 receptivae
1076 720 1179 781 quam
1206 699 1315 781 istud,
1347 698 1441 785 quod

297 845 379 888 sane
394 844 479 887 num
492 823 548 906 sit,
565 845 666 889 nemo
678 823 747 889 nisi
764 830 878 888 mente
897 829 1020 910 captus
1035 823 1073 887 in
1088 823 1233 889 dubium
1249 824 1439 890 revocabit.

298 949 354 1012 An
373 970 453 1012 vero
471 947 561 1014 sicut
577 956 629 1013 est
648 947 800 1014 eiusdem
818 948 1010 1035 potentiae,
1027 950 1077 1014 ita
1096 949 1202 1014 etiam
1221 949 1267 1014 sit
1286 948 1440 1015 eiusdem
1494 940 1498 946 ’

253 1080 406 1156 bactus,
439 1096 539 1140 nemo
569 1080 811 1161 praeterquam
842 1073 942 1139 valde
971 1075 1161 1140 imbecillis·
1186 1073 1440 1160 intelligentiae

297 1198 522 1286 philosophus
552 1199 722 1285 ambiget;
747 1221 788 1264 ea
818 1199 911 1264 enim
941 1199 1113 1287 potentia,
1138 1221 1226 1285 quae
1257 1198 1440 1265 constituit

297 1323 361 1389 hoc
379 1325 534 1412 spacium
554 1324 740 1411 repletum,
760 1323 879 1390 eadem
895 1330 930 1391 et
945 1324 1069 1391 similis
1088 1325 1265 1411 potentiae
1285 1324 1439 1411 spacium

297 1473 405 1537 usque
425 1457 459 1515 et
477 1472 585 1535 usque
615 1448 748 1536 replere
766 1451 909 1537 poterit,
930 1451 960 1516 si
978 1451 1136 1538 potentia
1154 1449 1293 1537 passiva
1310 1449 1440 1535 ubique

296 1577 414 1642 eadem
443 1585 477 1642 et
505 1578 629 1643 activa.
654 1577 701 1642 Et
723 1576 788 1642 hoc
817 1577 977 1664 pluribus
1004 1575 1199 1643 rationibus
1227 1575 1441 1641 ostendimus

234 1715 275 1776 10
297 1703 334 1766 in
350 1701 498 1788 dialogis
518 1702 573 1766 De
597 1700 771 1768 infinito
795 1710 835 1767 et
857 1701 1050 1768 universo
1074 1708 1113 1767 et
1137 1701 1306 1767 mundis.

385 1827 427 1891 In
447 1826 562 1913 spacio
582 1826 729 1892 subinde
749 1834 832 1893 sunt
850 1826 918 1892 duo
941 1826 1147 1910 materialia,
1169 1835 1261 1892 terra
1279 1825 1441 1891 videlicet

298 1957 333 2016 et
355 1974 454 2037 aqua.
479 1952 621 2017 Terram
646 1951 859 2039 appellamus
882 1951 1057 2017 interdum
1088 1951 1235 2036 aridam,
1266 1951 1440 2016 interdum

297 2084 444 2159 atomos;
464 2100 553 2162 aqua
576 2077 750 2142 interdum
776 2085 826 2142 est
848 2098 971 2164 vapor,
996 2076 1171 2142 interdurn
1195 2077 1306 2162 magis
1330 2075 1440 2142 subti-

296 2201 382 2267 liata
401 2210 452 2267 est
472 2210 540 2268 a'e'r.

233 2350 275 2412 15
386 2328 464 2394 Duo
483 2327 708 2394 consistentia
732 2328 975 2393 immaterialia
993 2336 1075 2394 sunt
1101 2328 1245 2415 spiritus
1263 2334 1299 2394 et
1324 2328 1441 2394 anima

298 2453 525 2519 communiter
545 2452 648 2519 dieta.

387 2578 429 2643 In
448 2577 581 2644 duobus
598 2578 781 2667 principiis
800 2579 1052 2662 materialibus,
1071 2585 1158 2667 puta
1175 2599 1265 2664 aqua
1284 2585 1318 2645 et
1336 2585 1440 2660 terra,

298 2704 492 2770 consistunt
521 2703 701 2786 tenebrae;
733 2710 768 2769 et
797 2704 938 2769 nomine
966 2703 1188 2769 tenebrarum
1212 2711 1440 2791 usurpantur,

298 2831 500 2919 praesertim
516 2853 615 2917 aqua,
629 2853 715 2916 quae
735 2830 908 2896 interdum
925 2832 1079 2917 Abyssus
1092 2830 1266 2896 interdum
1280 2828 1368 2915 Styx
1384 2853 1442 2916 ap

232 2975 276 3037 20
299 2958 463 3044 pellatur,
483 2964 518 3021 et
537 2957 749 3041 intelligitur
767 2963 934 3041 tanquam
955 2956 1117 3042 genitura
1135 2956 1291 3021 omnium
1310 2977 1439 3039 rerum,

298 3089 338 3148 ut
354 3082 527 3148 intellexit
543 3080 667 3147 Thales
684 3090 718 3146 et
734 3082 869 3165 MoiseS,
885 3083 944 3166 qui
957 3083 1119 3168 spiritum
1136 3082 1200 3145 Dei
1217 3080 1440 3145 incubantem

300 3208 336 3270 in
352 3209 449 3292 aquis
465 3207 673 3289 introduxit,
687 3208 786 3292 quasi
802 3207 888 3272 dans
905 3208 974 3272 illis
987 3209 1152 3272 virtutem
1164 3205 1440 3294 procreatricem,

299 3335 391 3398 sicut
411 3333 547 3418 quando
579 3333 711 3420 gallina
738 3333 881 3398 incubat
909 3355 1013 3418 supra
1034 3333 1125 3414 ovis3
1157 3341 1191 3396 et
1215 3332 1297 3417 quia
1325 3331 1442 3395 omnia

299 3481 413 3523 rerum
442 3459 575 3523 semina
605 3467 686 3523 sunt
714 3458 868 3540 humida,
897 3456 973 3523 ideo
997 3480 1113 3522 rerum
1143 3458 1298 3522 omnium
1326 3479 1443 3521 semen

233 3601 275 3662 ‘25
300 3605 426 3668 aquam
449 3585 615 3670 appellat,
641 3583 733 3648 unde
756 3583 914 3647 dividens
938 3584 1106 3648 mundum
1130 3582 1167 3647 in
1191 3582 1388 3647 inferiorem
1409 3589 1444 3646 et

299 3707 507 3792 superiorem
540 3709 651 3773 utitur
683 3709 784 3773 modo
816 3708 980 3794 loquendi
1013 3731 1080 3793 quo
1119 3709 1279 3773 dicantur
1313 3708 1443 3794 speeies

300 3833 480 3899 inferiores
500 3855 608 3919 aquae
627 3834 690 3898 sub
711 3835 926 3899 firmamento
946 3842 981 3897 et
999 3856 1108 3919 aquae
1128 3833 1319 3919 superiores
1338 3854 1442 3919 supra

392 4085 408 4131 2
432 4079 577 4147 receptiva
599 4080 643 4129 M¹
706 4082 722 4130 8
751 4081 881 4146 potentia
902 4082 997 4131 activa
1018 4083 1133 4146 passiva
1155 4081 1187 4130 M
1193 4085 1198 4116 ¹
1265 4083 1296 4132 10
1317 4082 1347 4134 iu
1369 4084 1443 4133 libro

299 4162 420 4226 dialogis
434 4162 542 4225 ll[¹;cf.
556 4161 606 4225 pile
620 4162 664 4226 piu
673 4164 699 4225 f.
719 4164 767 4210 50¹·
833 4162 900 4225 Opp.
920 4161 978 4211 ital.
994 4179 1023 4223 p.
1043 4164 1095 4210 316
1110 4179 1163 4224 sqq.
1181 4164 1308 4229 Lapardc
1365 4165 1444 4228 forre

301 4250 348 4304 [ot]
368 4245 502 4292 universo
568 4245 598 4292 15
616 4250 652 4301 et]
671 4261 686 4289 r·
702 4261 717 4290 a
741 4242 773 4291 Μ
778 4245 783 4276 ¹
849 4245 879 4291 21
900 4246 968 4306 Opp.
988 4241 1045 4292 irat.
1061 4259 1091 4307 p.
1110 4246 1223 4304 273,32
1239 4244 1307 4309 Lep.
1325 4243 1441 4309 'lllosbj

300 4326 361 4375 dice
379 4325 430 4375 che
448 4326 466 4373 l’
478 4324 622 4373 intelletto
640 4324 781 4373 efficiente
801 4325 955 4386 (chismate
978 4327 1013 4372 (la
1037 4326 1076 4374 lui
1098 4327 1211 4387 spirito)
1230 4341 1338 4374 covava
1357 4342 1442 4392 sopra

299 4407 486 4471 l'acqui’etc.
551 4405 583 4454 25
599 4404 882 4469 appellatumque
895 4405 1104 4469 appellantllll¹
1172 4405 1358 4470 Geu.!,7;r,f.
1373 4408 1441 4471 Opp.

299 4485 359 4536 ital.
375 4486 391 4534 l.
408 4503 429 4535 c.
