<?xml version="1.0" encoding="UTF-8"?>
<!DOCTYPE html PUBLIC "-//W3C//DTD XHTML 1.0 Transitional//EN"
    "http://www.w3.org/TR/xhtml1/DTD/xhtml1-transitional.dtd">
<html xmlns="http://www.w3.org/1999/xhtml" xml:lang="en" lang="en">
 <head>
  <title>
</title>
<meta http-equiv="Content-Type" content="text/html;charset=utf-8" />
  <meta name='ocr-system' content='tesseract 3.04.00' />
  <meta name='ocr-capabilities' content='ocr_page ocr_carea ocr_par ocr_line ocrx_word'/>
</head>
<body>
  <div class='ocr_page' id='page_1' title='image "./jordanibruninol05brungoog_0736.png"; bbox 0 0 3488 5108; ppageno 0'>
   <div class='ocr_carea' id='block_1_1' title="bbox 659 393 1447 455">
    <p class='ocr_par' dir='ltr' id='par_1_1' title="bbox 659 393 1447 455">
     <span class='ocr_line' id='line_1_1' title="bbox 659 393 1447 455; baseline 0.003 -5"><span class='ocrx_word' id='word_1_1' title='bbox 659 407 702 450; x_wconf 85' lang='lat' dir='ltr'>nu</span> <span class='ocrx_word' id='word_1_2' title='bbox 721 405 873 453; x_wconf 80' lang='lat' dir='ltr'>vmcvms</span> <span class='ocrx_word' id='word_1_3' title='bbox 897 408 931 455; x_wconf 82' lang='lat' dir='ltr'>m</span> <span class='ocrx_word' id='word_1_4' title='bbox 954 409 1096 454; x_wconf 76' lang='lat' dir='ltr'>casana</span> <span class='ocrx_word' id='word_1_5' title='bbox 1389 393 1447 453; x_wconf 84' lang='grc'>669</span> 
     </span>
    </p>
   </div>
   <div class='ocr_carea' id='block_1_2' title="bbox 302 563 1447 879">
    <p class='ocr_par' dir='ltr' id='par_1_2' title="bbox 302 563 1447 879">
     <span class='ocr_line' id='line_1_2' title="bbox 302 563 1442 651; baseline -0.002 -23"><span class='ocrx_word' id='word_1_6' title='bbox 302 563 378 629; x_wconf 90' lang='lat' dir='ltr'>dico</span> <span class='ocrx_word' id='word_1_7' title='bbox 397 565 433 628; x_wconf 93' lang='lat' dir='ltr'>in</span> <span class='ocrx_word' id='word_1_8' title='bbox 452 585 592 649; x_wconf 88' lang='lat' dir='ltr'>genere,</span> <span class='ocrx_word' id='word_1_9' title='bbox 614 564 694 648; x_wconf 89' lang='lat' dir='ltr'>quia</span> <span class='ocrx_word' id='word_1_10' title='bbox 708 563 859 629; x_wconf 74' lang='lat' dir='ltr'>nescitur</span> <span class='ocrx_word' id='word_1_11' title='bbox 871 563 1046 631; x_wconf 90' lang='lat' dir='ltr'>interdum</span> <span class='ocrx_word' id='word_1_12' title='bbox 1064 586 1131 651; x_wconf 89' lang='lat' dir='ltr'>quo</span> <span class='ocrx_word' id='word_1_13' title='bbox 1147 588 1248 630; x_wconf 87' lang='lat' dir='ltr'>sensu</span> <span class='ocrx_word' id='word_1_14' title='bbox 1267 564 1442 651; x_wconf 88' lang='lat' dir='ltr'>rapiatur;</span> 
     </span>
     <span class='ocr_line' id='line_1_3' title="bbox 303 686 1447 775; baseline -0.003 -21"><span class='ocrx_word' id='word_1_15' title='bbox 303 688 466 754; x_wconf 81' lang='lat' dir='ltr'>affectum</span> <span class='ocrx_word' id='word_1_16' title='bbox 485 688 560 754; x_wconf 86' lang='lat' dir='ltr'>dieo</span> <span class='ocrx_word' id='word_1_17' title='bbox 585 688 622 753; x_wconf 92' lang='lat' dir='ltr'>in</span> <span class='ocrx_word' id='word_1_18' title='bbox 645 710 784 775; x_wconf 87' lang='lat' dir='ltr'>genere,</span> <span class='ocrx_word' id='word_1_19' title='bbox 805 688 885 773; x_wconf 88' lang='lat' dir='ltr'>quia</span> <span class='ocrx_word' id='word_1_20' title='bbox 909 711 972 755; x_wconf 91' lang='lat' dir='ltr'>nee</span> <span class='ocrx_word' id='word_1_21' title='bbox 991 689 1056 755; x_wconf 90' lang='lat' dir='ltr'>iste</span> <span class='ocrx_word' id='word_1_22' title='bbox 1075 688 1176 755; x_wconf 85' lang='lat' dir='ltr'>facilc</span> <span class='ocrx_word' id='word_1_23' title='bbox 1195 688 1368 754; x_wconf 89' lang='lat' dir='ltr'>interdum</span> <span class='ocrx_word' id='word_1_24' title='bbox 1388 686 1447 751; x_wconf 88' lang='lat' dir='ltr'>de-</span> 
     </span>
     <span class='ocr_line' id='line_1_4' title="bbox 302 813 431 879; baseline 0.008 -2"><span class='ocrx_word' id='word_1_25' title='bbox 302 813 431 879; x_wconf 85' lang='lat' dir='ltr'>finitur.</span> 
     </span>
    </p>
   </div>
   <div class='ocr_carea' id='block_1_3' title="bbox 573 1007 1175 1058">
    <p class='ocr_par' dir='ltr' id='par_1_3' title="bbox 573 1007 1175 1058">
     <span class='ocr_line' id='line_1_5' title="bbox 573 1007 1175 1058; baseline 0.002 -12"><span class='ocrx_word' id='word_1_26' title='bbox 573 1008 655 1047; x_wconf 82' lang='lat' dir='ltr'>Portae</span> <span class='ocrx_word' id='word_1_27' title='bbox 671 1019 711 1057; x_wconf 80' lang='lat' dir='ltr'>per</span> <span class='ocrx_word' id='word_1_28' title='bbox 725 1018 781 1058; x_wconf 74' lang='lat' dir='ltr'>ques</span> <span class='ocrx_word' id='word_1_29' title='bbox 796 1007 899 1048; x_wconf 79' lang='lat' dir='ltr'>vlnclcnu</span> <span class='ocrx_word' id='word_1_30' title='bbox 913 1007 1025 1048; x_wconf 67' lang='lat' dir='ltr'>adoritur.</span> <span class='ocrx_word' id='word_1_31' title='bbox 1041 1008 1092 1048; x_wconf 72' lang='lat' dir='ltr'>Art.</span> <span class='ocrx_word' id='word_1_32' title='bbox 1106 1008 1175 1048; x_wconf 78' lang='lat' dir='ltr'>XXX.</span> 
     </span>
    </p>
   </div>
   <div class='ocr_carea' id='block_1_4' title="bbox 232 1174 1462 3390">
    <p class='ocr_par' dir='ltr' id='par_1_4' title="bbox 257 1174 1462 1764">
     <span class='ocr_line' id='line_1_6' title="bbox 257 1174 1446 1263; baseline 0.004 -26"><span class='ocrx_word' id='word_1_33' title='bbox 257 1176 278 1236; x_wconf 79' lang='lat' dir='ltr'>b</span> <span class='ocrx_word' id='word_1_34' title='bbox 390 1174 474 1240; x_wconf 80' lang='lat' dir='ltr'>Tres</span> <span class='ocrx_word' id='word_1_35' title='bbox 505 1182 587 1240; x_wconf 88' lang='lat' dir='ltr'>sunt</span> <span class='ocrx_word' id='word_1_36' title='bbox 614 1184 735 1262; x_wconf 90' lang='lat' dir='ltr'>portae</span> <span class='ocrx_word' id='word_1_37' title='bbox 762 1198 825 1263; x_wconf 91' lang='lat' dir='ltr'>per</span> <span class='ocrx_word' id='word_1_38' title='bbox 852 1198 937 1261; x_wconf 88' lang='lat' dir='ltr'>quas</span> <span class='ocrx_word' id='word_1_39' title='bbox 961 1176 1065 1242; x_wconf 87' lang='lat' dir='ltr'>audet</span> <span class='ocrx_word' id='word_1_40' title='bbox 1089 1175 1282 1241; x_wconf 88' lang='lat' dir='ltr'>animarum</span> <span class='ocrx_word' id='word_1_41' title='bbox 1300 1183 1446 1242; x_wconf 87' lang='lat' dir='ltr'>venator</span> 
     </span>
     <span class='ocr_line' id='line_1_7' title="bbox 301 1299 1462 1389; baseline 0.003 -25"><span class='ocrx_word' id='word_1_42' title='bbox 301 1299 426 1385; x_wconf 84' lang='lat' dir='ltr'>ligare:</span> <span class='ocrx_word' id='word_1_43' title='bbox 443 1300 552 1384; x_wconf 83' lang='lat' dir='ltr'>visua,</span> <span class='ocrx_word' id='word_1_44' title='bbox 573 1301 712 1367; x_wconf 87' lang='lat' dir='ltr'>auditus</span> <span class='ocrx_word' id='word_1_45' title='bbox 728 1309 764 1366; x_wconf 87' lang='lat' dir='ltr'>et</span> <span class='ocrx_word' id='word_1_46' title='bbox 778 1323 874 1366; x_wconf 90' lang='lat' dir='ltr'>mens</span> <span class='ocrx_word' id='word_1_47' title='bbox 888 1324 948 1366; x_wconf 87' lang='lat' dir='ltr'>seu</span> <span class='ocrx_word' id='word_1_48' title='bbox 967 1301 1182 1389; x_wconf 89' lang='lat' dir='ltr'>imaginatio.</span> <span class='ocrx_word' id='word_1_49' title='bbox 1205 1301 1303 1379; x_wconf 78' lang='lat' dir='ltr'>Quod</span> <span class='ocrx_word' id='word_1_50' title='bbox 1322 1301 1352 1368; x_wconf 88' lang='lat' dir='ltr'>si</span> <span class='ocrx_word' id='word_1_51' title='bbox 1371 1311 1462 1367; x_wconf 82' lang='lat' dir='ltr'>con-⁰</span> 
     </span>
     <span class='ocr_line' id='line_1_8' title="bbox 301 1425 1447 1514; baseline 0.003 -24"><span class='ocrx_word' id='word_1_52' title='bbox 301 1425 417 1511; x_wconf 85' lang='lat' dir='ltr'>tingat</span> <span class='ocrx_word' id='word_1_53' title='bbox 440 1448 501 1513; x_wconf 90' lang='lat' dir='ltr'>per</span> <span class='ocrx_word' id='word_1_54' title='bbox 525 1447 643 1491; x_wconf 89' lang='lat' dir='ltr'>omnes</span> <span class='ocrx_word' id='word_1_55' title='bbox 662 1426 760 1491; x_wconf 90' lang='lat' dir='ltr'>illum</span> <span class='ocrx_word' id='word_1_56' title='bbox 779 1427 910 1492; x_wconf 89' lang='lat' dir='ltr'>intrare</span> <span class='ocrx_word' id='word_1_57' title='bbox 928 1434 1060 1514; x_wconf 89' lang='lat' dir='ltr'>portas,</span> <span class='ocrx_word' id='word_1_58' title='bbox 1078 1426 1316 1514; x_wconf 85' lang='lat' dir='ltr'>potentissime</span> <span class='ocrx_word' id='word_1_59' title='bbox 1335 1427 1447 1493; x_wconf 89' lang='lat' dir='ltr'>vincit</span> 
     </span>
     <span class='ocr_line' id='line_1_9' title="bbox 301 1549 1446 1638; baseline 0.002 -23"><span class='ocrx_word' id='word_1_60' title='bbox 301 1551 559 1636; x_wconf 78' lang='lat' dir='ltr'>arctissimeque</span> <span class='ocrx_word' id='word_1_61' title='bbox 575 1549 717 1638; x_wconf 86' lang='lat' dir='ltr'>obligat.</span> <span class='ocrx_word' id='word_1_62' title='bbox 731 1551 798 1616; x_wconf 87' lang='lat' dir='ltr'>Per</span> <span class='ocrx_word' id='word_1_63' title='bbox 814 1557 950 1638; x_wconf 89' lang='lat' dir='ltr'>portam</span> <span class='ocrx_word' id='word_1_64' title='bbox 969 1550 1108 1618; x_wconf 89' lang='lat' dir='ltr'>auditus</span> <span class='ocrx_word' id='word_1_65' title='bbox 1127 1551 1322 1638; x_wconf 79' lang='lat' dir='ltr'>ingreditur</span> <span class='ocrx_word' id='word_1_66' title='bbox 1335 1575 1446 1618; x_wconf 87' lang='lat' dir='ltr'>arma·</span> 
     </span>
     <span class='ocr_line' id='line_1_10' title="bbox 302 1676 1446 1764; baseline 0.003 -24"><span class='ocrx_word' id='word_1_67' title='bbox 302 1683 357 1740; x_wconf 83' lang='lat' dir='ltr'>tus</span> <span class='ocrx_word' id='word_1_68' title='bbox 375 1698 459 1742; x_wconf 89' lang='lat' dir='ltr'>voce</span> <span class='ocrx_word' id='word_1_69' title='bbox 475 1683 509 1741; x_wconf 90' lang='lat' dir='ltr'>et</span> <span class='ocrx_word' id='word_1_70' title='bbox 525 1698 681 1742; x_wconf 75' lang='lat' dir='ltr'>sermone</span> <span class='ocrx_word' id='word_1_71' title='bbox 697 1677 768 1742; x_wconf 88' lang='lat' dir='ltr'>filio</span> <span class='ocrx_word' id='word_1_72' title='bbox 786 1677 896 1758; x_wconf 73' lang='lat' dir='ltr'>vocis,</span> <span class='ocrx_word' id='word_1_73' title='bbox 913 1700 974 1763; x_wconf 84' lang='lat' dir='ltr'>per</span> <span class='ocrx_word' id='word_1_74' title='bbox 988 1685 1124 1764; x_wconf 88' lang='lat' dir='ltr'>portam</span> <span class='ocrx_word' id='word_1_75' title='bbox 1139 1676 1233 1742; x_wconf 89' lang='lat' dir='ltr'>visus</span> <span class='ocrx_word' id='word_1_76' title='bbox 1249 1677 1446 1764; x_wconf 87' lang='lat' dir='ltr'>ingreditur</span> 
     </span>
    </p>

    <p class='ocr_par' dir='ltr' id='par_1_5' title="bbox 236 1801 1445 2391">
     <span class='ocr_line' id='line_1_11' title="bbox 236 1801 1444 1889; baseline 0.002 -25"><span class='ocrx_word' id='word_1_77' title='bbox 236 1811 278 1874; x_wconf 92' lang='lat'>10</span> <span class='ocrx_word' id='word_1_78' title='bbox 300 1808 454 1866; x_wconf 87' lang='lat' dir='ltr'>armatus</span> <span class='ocrx_word' id='word_1_79' title='bbox 478 1801 602 1886; x_wconf 88' lang='lat' dir='ltr'>forma,</span> <span class='ocrx_word' id='word_1_80' title='bbox 627 1811 729 1888; x_wconf 90' lang='lat' dir='ltr'>gestu</span> <span class='ocrx_word' id='word_1_81' title='bbox 752 1809 787 1866; x_wconf 91' lang='lat' dir='ltr'>et</span> <span class='ocrx_word' id='word_1_82' title='bbox 811 1811 907 1867; x_wconf 89' lang='lat' dir='ltr'>motu</span> <span class='ocrx_word' id='word_1_83' title='bbox 927 1802 1105 1887; x_wconf 86' lang='lat' dir='ltr'>figuraque</span> <span class='ocrx_word' id='word_1_84' title='bbox 1124 1802 1362 1885; x_wconf 85' lang='lat' dir='ltr'>convenienti;</span> <span class='ocrx_word' id='word_1_85' title='bbox 1384 1825 1444 1889; x_wconf 88' lang='lat' dir='ltr'>per</span> 
     </span>
     <span class='ocr_line' id='line_1_12' title="bbox 299 1926 1445 2016; baseline 0.004 -26"><span class='ocrx_word' id='word_1_86' title='bbox 299 1935 435 2013; x_wconf 90' lang='lat' dir='ltr'>portam</span> <span class='ocrx_word' id='word_1_87' title='bbox 452 1927 721 2012; x_wconf 83' lang='lat' dir='ltr'>imaginationis,</span> <span class='ocrx_word' id='word_1_88' title='bbox 739 1926 874 2009; x_wconf 88' lang='lat' dir='ltr'>mentis,</span> <span class='ocrx_word' id='word_1_89' title='bbox 888 1928 1033 1993; x_wconf 87' lang='lat' dir='ltr'>rationis</span> <span class='ocrx_word' id='word_1_90' title='bbox 1049 1928 1244 2015; x_wconf 87' lang='lat' dir='ltr'>ingreditur</span> <span class='ocrx_word' id='word_1_91' title='bbox 1258 1952 1320 2016; x_wconf 91' lang='lat' dir='ltr'>per</span> <span class='ocrx_word' id='word_1_92' title='bbox 1332 1950 1445 1995; x_wconf 84' lang='lat' dir='ltr'>moras</span> 
     </span>
     <span class='ocr_line' id='line_1_13' title="bbox 300 2051 1445 2141; baseline 0.003 -25"><span class='ocrx_word' id='word_1_93' title='bbox 300 2060 335 2117; x_wconf 89' lang='lat' dir='ltr'>et</span> <span class='ocrx_word' id='word_1_94' title='bbox 352 2060 451 2117; x_wconf 85' lang='lat' dir='ltr'>artes.</span> <span class='ocrx_word' id='word_1_95' title='bbox 468 2051 554 2117; x_wconf 90' lang='lat' dir='ltr'>Inde</span> <span class='ocrx_word' id='word_1_96' title='bbox 573 2052 666 2117; x_wconf 86' lang='lat' dir='ltr'>facta</span> <span class='ocrx_word' id='word_1_97' title='bbox 684 2053 836 2138; x_wconf 85' lang='lat' dir='ltr'>primurn</span> <span class='ocrx_word' id='word_1_98' title='bbox 856 2052 1068 2135; x_wconf 84' lang='lat' dir='ltr'>invectione,</span> <span class='ocrx_word' id='word_1_99' title='bbox 1089 2053 1237 2119; x_wconf 83' lang='lat' dir='ltr'>secundo</span> <span class='ocrx_word' id='word_1_100' title='bbox 1257 2055 1445 2141; x_wconf 88' lang='lat' dir='ltr'>copulatio-</span> 
     </span>
     <span class='ocr_line' id='line_1_14' title="bbox 300 2176 1444 2264; baseline 0.003 -23"><span class='ocrx_word' id='word_1_101' title='bbox 300 2200 356 2256; x_wconf 86' lang='lat' dir='ltr'>ne,</span> <span class='ocrx_word' id='word_1_102' title='bbox 376 2176 481 2242; x_wconf 90' lang='lat' dir='ltr'>tertio</span> <span class='ocrx_word' id='word_1_103' title='bbox 500 2177 680 2261; x_wconf 87' lang='lat' dir='ltr'>ligatione,</span> <span class='ocrx_word' id='word_1_104' title='bbox 702 2186 824 2264; x_wconf 88' lang='lat' dir='ltr'>quarto</span> <span class='ocrx_word' id='word_1_105' title='bbox 841 2178 900 2243; x_wconf 89' lang='lat' dir='ltr'>fiet</span> <span class='ocrx_word' id='word_1_106' title='bbox 916 2178 1089 2245; x_wconf 74' lang='lat' dir='ltr'>attractio,</span> <span class='ocrx_word' id='word_1_107' title='bbox 1109 2180 1175 2245; x_wconf 88' lang='lat' dir='ltr'>Per</span> <span class='ocrx_word' id='word_1_108' title='bbox 1190 2201 1307 2244; x_wconf 86' lang='lat' dir='ltr'>ornnes</span> <span class='ocrx_word' id='word_1_109' title='bbox 1324 2202 1444 2246; x_wconf 87' lang='lat' dir='ltr'>sensus</span> 
     </span>
     <span class='ocr_line' id='line_1_15' title="bbox 300 2302 1444 2391; baseline 0.003 -23"><span class='ocrx_word' id='word_1_110' title='bbox 300 2302 449 2368; x_wconf 90' lang='lat' dir='ltr'>occurrit</span> <span class='ocrx_word' id='word_1_111' title='bbox 466 2303 623 2368; x_wconf 80' lang='lat' dir='ltr'>vinctum</span> <span class='ocrx_word' id='word_1_112' title='bbox 642 2303 823 2387; x_wconf 85' lang='lat' dir='ltr'>vinolenti,</span> <span class='ocrx_word' id='word_1_113' title='bbox 839 2303 923 2369; x_wconf 89' lang='lat' dir='ltr'>adeo</span> <span class='ocrx_word' id='word_1_114' title='bbox 940 2326 1048 2389; x_wconf 88' lang='lat' dir='ltr'>usque</span> <span class='ocrx_word' id='word_1_115' title='bbox 1060 2303 1214 2391; x_wconf 84' lang='lat' dir='ltr'>perfecta</span> <span class='ocrx_word' id='word_1_116' title='bbox 1227 2304 1444 2390; x_wconf 83' lang='lat' dir='ltr'>obligatione</span> 
     </span>
    </p>

    <p class='ocr_par' dir='ltr' id='par_1_6' title="bbox 235 2427 1444 3015">
     <span class='ocr_line' id='line_1_16' title="bbox 235 2427 1444 2516; baseline 0.002 -23"><span class='ocrx_word' id='word_1_117' title='bbox 235 2430 276 2493; x_wconf 80' lang='lat'>15</span> <span class='ocrx_word' id='word_1_118' title='bbox 300 2428 408 2510; x_wconf 88' lang='lat' dir='ltr'>facta,</span> <span class='ocrx_word' id='word_1_119' title='bbox 427 2434 468 2491; x_wconf 90' lang='lat' dir='ltr'>ut</span> <span class='ocrx_word' id='word_1_120' title='bbox 482 2427 547 2492; x_wconf 88' lang='lat' dir='ltr'>hoe</span> <span class='ocrx_word' id='word_1_121' title='bbox 565 2427 602 2493; x_wconf 93' lang='lat' dir='ltr'>in</span> <span class='ocrx_word' id='word_1_122' title='bbox 622 2434 734 2493; x_wconf 85' lang='lat' dir='ltr'>toturn</span> <span class='ocrx_word' id='word_1_123' title='bbox 757 2427 844 2493; x_wconf 88' lang='lat' dir='ltr'>illud</span> <span class='ocrx_word' id='word_1_124' title='bbox 867 2427 1044 2516; x_wconf 85' lang='lat' dir='ltr'>immigrct</span> <span class='ocrx_word' id='word_1_125' title='bbox 1067 2427 1122 2493; x_wconf 89' lang='lat' dir='ltr'>vel</span> <span class='ocrx_word' id='word_1_126' title='bbox 1145 2427 1347 2515; x_wconf 85' lang='lat' dir='ltr'>immigrare</span> <span class='ocrx_word' id='word_1_127' title='bbox 1366 2451 1444 2496; x_wconf 88' lang='lat' dir='ltr'>con-</span> 
     </span>
     <span class='ocr_line' id='line_1_17' title="bbox 299 2551 1443 2642; baseline 0.003 -26"><span class='ocrx_word' id='word_1_128' title='bbox 299 2553 463 2639; x_wconf 89' lang='lat' dir='ltr'>cupiscat,</span> <span class='ocrx_word' id='word_1_129' title='bbox 477 2551 537 2617; x_wconf 93' lang='lat' dir='ltr'>ubi</span> <span class='ocrx_word' id='word_1_130' title='bbox 552 2552 593 2618; x_wconf 87' lang='lat' dir='ltr'>de</span> <span class='ocrx_word' id='word_1_131' title='bbox 606 2552 904 2640; x_wconf 86' lang='lat' dir='ltr'>concupiscentiae</span> <span class='ocrx_word' id='word_1_132' title='bbox 924 2553 1062 2619; x_wconf 90' lang='lat' dir='ltr'>vinculo</span> <span class='ocrx_word' id='word_1_133' title='bbox 1074 2554 1205 2640; x_wconf 86' lang='lat' dir='ltr'>agitur;</span> <span class='ocrx_word' id='word_1_134' title='bbox 1218 2560 1300 2619; x_wconf 84' lang='lat' dir='ltr'>aunt</span> <span class='ocrx_word' id='word_1_135' title='bbox 1315 2554 1443 2642; x_wconf 90' lang='lat' dir='ltr'>quippe</span> 
     </span>
     <span class='ocr_line' id='line_1_18' title="bbox 299 2675 1443 2764; baseline 0.003 -23"><span class='ocrx_word' id='word_1_136' title='bbox 299 2675 404 2742; x_wconf 86' lang='lat' dir='ltr'>ctiam</span> <span class='ocrx_word' id='word_1_137' title='bbox 420 2677 560 2763; x_wconf 87' lang='lat' dir='ltr'>ingrata</span> <span class='ocrx_word' id='word_1_138' title='bbox 579 2677 718 2743; x_wconf 86' lang='lat' dir='ltr'>vincula</span> <span class='ocrx_word' id='word_1_139' title='bbox 734 2676 1007 2764; x_wconf 85' lang='lat' dir='ltr'>proportionalia</span> <span class='ocrx_word' id='word_1_140' title='bbox 1025 2678 1093 2763; x_wconf 84' lang='lat' dir='ltr'>his,</span> <span class='ocrx_word' id='word_1_141' title='bbox 1118 2678 1160 2744; x_wconf 89' lang='lat' dir='ltr'>de</span> <span class='ocrx_word' id='word_1_142' title='bbox 1185 2679 1310 2764; x_wconf 89' lang='lat' dir='ltr'>quibus</span> <span class='ocrx_word' id='word_1_143' title='bbox 1330 2680 1368 2745; x_wconf 90' lang='lat' dir='ltr'>in</span> <span class='ocrx_word' id='word_1_144' title='bbox 1389 2680 1443 2745; x_wconf 92' lang='lat' dir='ltr'>his</span> 
     </span>
     <span class='ocr_line' id='line_1_19' title="bbox 299 2799 1443 2889; baseline 0.004 -23"><span class='ocrx_word' id='word_1_145' title='bbox 299 2822 387 2885; x_wconf 90' lang='lat' dir='ltr'>quae</span> <span class='ocrx_word' id='word_1_146' title='bbox 418 2799 464 2866; x_wconf 92' lang='lat' dir='ltr'>de</span> <span class='ocrx_word' id='word_1_147' title='bbox 499 2802 664 2868; x_wconf 90' lang='lat' dir='ltr'>vinculo</span> <span class='ocrx_word' id='word_1_148' title='bbox 699 2801 879 2868; x_wconf 87' lang='lat' dir='ltr'>naturali</span> <span class='ocrx_word' id='word_1_149' title='bbox 915 2803 1139 2888; x_wconf 74' lang='lat' dir='ltr'>proteramus,</span> <span class='ocrx_word' id='word_1_150' title='bbox 1166 2804 1325 2889; x_wconf 85' lang='lat' dir='ltr'>qualibus</span> <span class='ocrx_word' id='word_1_151' title='bbox 1360 2805 1443 2872; x_wconf 83' lang='lat' dir='ltr'>bufo</span> 
     </span>
     <span class='ocr_line' id='line_1_20' title="bbox 299 2919 1442 3015; baseline 0.004 -24"><span class='ocrx_word' id='word_1_152' title='bbox 299 2926 407 2991; x_wconf 91' lang='lat' dir='ltr'>trahit</span> <span class='ocrx_word' id='word_1_153' title='bbox 426 2927 609 2993; x_wconf 89' lang='lat' dir='ltr'>mustelam</span> <span class='ocrx_word' id='word_1_154' title='bbox 634 2929 776 3014; x_wconf 87' lang='lat' dir='ltr'>spiritus</span> <span class='ocrx_word' id='word_1_155' title='bbox 801 2927 950 3013; x_wconf 85' lang='lat' dir='ltr'>quadarn</span> <span class='ocrx_word' id='word_1_156' title='bbox 978 2928 1013 2993; x_wconf 90' lang='lat' dir='ltr'>vi</span> <span class='ocrx_word' id='word_1_157' title='bbox 1039 2919 1186 3012; x_wconf 84' lang='lat' dir='ltr'>occulta,</span> <span class='ocrx_word' id='word_1_158' title='bbox 1214 2930 1328 3015; x_wconf 89' lang='lat' dir='ltr'>gallus</span> <span class='ocrx_word' id='word_1_159' title='bbox 1359 2952 1442 2996; x_wconf 87' lang='lat' dir='ltr'>voce</span> 
     </span>
    </p>

    <p class='ocr_par' dir='ltr' id='par_1_7' title="bbox 232 3051 1444 3390">
     <span class='ocr_line' id='line_1_21' title="bbox 232 3051 1442 3140; baseline 0.003 -22"><span class='ocrx_word' id='word_1_160' title='bbox 232 3056 276 3118; x_wconf 76' lang='lat'>‘20</span> <span class='ocrx_word' id='word_1_161' title='bbox 298 3051 429 3138; x_wconf 89' lang='lat' dir='ltr'>rumpit</span> <span class='ocrx_word' id='word_1_162' title='bbox 456 3052 603 3135; x_wconf 87' lang='lat' dir='ltr'>leonem,</span> <span class='ocrx_word' id='word_1_163' title='bbox 633 3053 742 3139; x_wconf 89' lang='lat' dir='ltr'>mugil</span> <span class='ocrx_word' id='word_1_164' title='bbox 774 3060 870 3119; x_wconf 86' lang='lat' dir='ltr'>tactu</span> <span class='ocrx_word' id='word_1_165' title='bbox 898 3053 991 3118; x_wconf 86' lang='lat' dir='ltr'>sistit</span> <span class='ocrx_word' id='word_1_166' title='bbox 1027 3054 1158 3137; x_wconf 85' lang='lat' dir='ltr'>navim,</span> <span class='ocrx_word' id='word_1_167' title='bbox 1190 3077 1442 3140; x_wconf 87' lang='lat' dir='ltr'>energumenus</span> 
     </span>
     <span class='ocr_line' id='line_1_22' title="bbox 298 3176 1444 3263; baseline 0.006 -23"><span class='ocrx_word' id='word_1_168' title='bbox 298 3176 481 3263; x_wconf 87' lang='lat' dir='ltr'>phantasia</span> <span class='ocrx_word' id='word_1_169' title='bbox 506 3178 616 3245; x_wconf 88' lang='lat' dir='ltr'>ebibit</span> <span class='ocrx_word' id='word_1_170' title='bbox 634 3179 849 3263; x_wconf 87' lang='lat' dir='ltr'>daemonem,</span> <span class='ocrx_word' id='word_1_171' title='bbox 869 3179 993 3245; x_wconf 90' lang='lat' dir='ltr'>humor</span> <span class='ocrx_word' id='word_1_172' title='bbox 1012 3178 1280 3246; x_wconf 84' lang='lat' dir='ltr'>melancholicus</span> <span class='ocrx_word' id='word_1_173' title='bbox 1305 3189 1339 3246; x_wconf 86' lang='lat' dir='ltr'>et</span> <span class='ocrx_word' id='word_1_174' title='bbox 1362 3204 1444 3247; x_wconf 91' lang='lat' dir='ltr'>ven-</span> 
     </span>
     <span class='ocr_line' id='line_1_23' title="bbox 298 3304 1046 3390; baseline 0.005 -24"><span class='ocrx_word' id='word_1_175' title='bbox 298 3309 393 3367; x_wconf 88' lang='lat' dir='ltr'>tosus</span> <span class='ocrx_word' id='word_1_176' title='bbox 411 3310 451 3367; x_wconf 87' lang='lat' dir='ltr'>nt</span> <span class='ocrx_word' id='word_1_177' title='bbox 470 3324 612 3390; x_wconf 87' lang='lat' dir='ltr'>magnes</span> <span class='ocrx_word' id='word_1_178' title='bbox 631 3327 666 3369; x_wconf 89' lang='lat' dir='ltr'>se</span> <span class='ocrx_word' id='word_1_179' title='bbox 686 3304 790 3369; x_wconf 86' lang='lat' dir='ltr'>habet</span> <span class='ocrx_word' id='word_1_180' title='bbox 809 3304 852 3370; x_wconf 89' lang='lat' dir='ltr'>ad</span> <span class='ocrx_word' id='word_1_181' title='bbox 871 3305 1046 3371; x_wconf 89' lang='lat' dir='ltr'>incubum.</span> 
     </span>
    </p>
   </div>
   <div class='ocr_carea' id='block_1_5' title="bbox 387 3552 1441 3643">
    <p class='ocr_par' dir='ltr' id='par_1_8' title="bbox 387 3552 1441 3643">
     <span class='ocr_line' id='line_1_24' title="bbox 387 3552 1441 3643; baseline 0.005 -26"><span class='ocrx_word' id='word_1_182' title='bbox 387 3552 503 3618; x_wconf 89' lang='lat' dir='ltr'>Habet</span> <span class='ocrx_word' id='word_1_183' title='bbox 519 3575 601 3640; x_wconf 87' lang='lat' dir='ltr'>ergo</span> <span class='ocrx_word' id='word_1_184' title='bbox 618 3577 758 3641; x_wconf 88' lang='lat' dir='ltr'>campus</span> <span class='ocrx_word' id='word_1_185' title='bbox 775 3555 840 3620; x_wconf 87' lang='lat' dir='ltr'>iste</span> <span class='ocrx_word' id='word_1_186' title='bbox 853 3555 1040 3621; x_wconf 87' lang='lat' dir='ltr'>vincientis</span> <span class='ocrx_word' id='word_1_187' title='bbox 1055 3557 1267 3623; x_wconf 81' lang='lat' dir='ltr'>intentiones</span> <span class='ocrx_word' id='word_1_188' title='bbox 1285 3558 1441 3643; x_wconf 86' lang='lat' dir='ltr'>triginta,</span> 
     </span>
    </p>
   </div>
   <div class='ocr_carea' id='block_1_6' title="bbox 232 3700 1176 4116">
    <p class='ocr_par' dir='ltr' id='par_1_9' title="bbox 299 3700 463 3764">
     <span class='ocr_line' id='line_1_25' title="bbox 299 3700 463 3764; baseline 0.018 -22"><span class='ocrx_word' id='word_1_189' title='bbox 299 3700 421 3764; x_wconf 89' lang='lat' dir='ltr'>nempe</span> <span class='ocrx_word' id='word_1_190' title='bbox 444 3703 463 3745; x_wconf 89' lang='lat' dir='ltr'>a</span> 
     </span>
    </p>

    <p class='ocr_par' dir='ltr' id='par_1_10' title="bbox 232 3796 1176 4116">
     <span class='ocr_line' id='line_1_26' title="bbox 232 3796 1174 3885; baseline -0.012 -18"><span class='ocrx_word' id='word_1_191' title='bbox 232 3806 275 3867; x_wconf 78' lang='lat'>25</span> <span class='ocrx_word' id='word_1_192' title='bbox 566 3796 687 3885; x_wconf 82' lang='lat' dir='ltr'>Specie</span> <span class='ocrx_word' id='word_1_193' title='bbox 1157 3801 1174 3866; x_wconf 90' lang='lat'>1</span> 
     </span>
     <span class='ocr_line' id='line_1_27' title="bbox 566 3922 1176 3990; baseline 0.007 -4"><span class='ocrx_word' id='word_1_194' title='bbox 566 3922 702 3988; x_wconf 84' lang='lat' dir='ltr'>Effectu</span> <span class='ocrx_word' id='word_1_195' title='bbox 1156 3929 1176 3990; x_wconf 73' lang='lat' dir='ltr'>‘l</span> 
     </span>
     <span class='ocr_line' id='line_1_28' title="bbox 567 4045 1176 4116; baseline 0.01 -6"><span class='ocrx_word' id='word_1_196' title='bbox 567 4045 653 4111; x_wconf 86' lang='lat' dir='ltr'>Arte</span> <span class='ocrx_word' id='word_1_197' title='bbox 1156 4054 1176 4116; x_wconf 86' lang='lat'><strong>3</strong></span> 
     </span>
    </p>
   </div>
   <div class='ocr_carea' id='block_1_7' title="bbox 292 4308 1442 4537">
    <p class='ocr_par' dir='ltr' id='par_1_11' title="bbox 292 4308 1442 4537">
     <span class='ocr_line' id='line_1_29' title="bbox 391 4308 1442 4377; baseline 0.005 -18"><span class='ocrx_word' id='word_1_198' title='bbox 391 4309 691 4376; x_wconf 74' lang='lat' dir='ltr'>teudetligeturw</span> <span class='ocrx_word' id='word_1_199' title='bbox 754 4310 1079 4362; x_wconf 60' lang='lat' dir='ltr'>caessavieusw</span> <span class='ocrx_word' id='word_1_200' title='bbox 1142 4308 1384 4377; x_wconf 74' lang='lat' dir='ltr'>ltntluttetum</span> <span class='ocrx_word' id='word_1_201' title='bbox 1399 4311 1442 4364; x_wconf 84' lang='grc' dir='ltr'>ΜΙ</span> 
     </span>
     <span class='ocr_line' id='line_1_30' title="bbox 292 4390 1441 4458; baseline 0.004 -19"><span class='ocrx_word' id='word_1_202' title='bbox 292 4390 500 4454; x_wconf 65' lang='lat' dir='ltr'>immigrant!</span> <span class='ocrx_word' id='word_1_203' title='bbox 561 4391 642 4441; x_wconf 79' lang='grc'><strong>16.22</strong></span> <span class='ocrx_word' id='word_1_204' title='bbox 657 4391 693 4454; x_wconf 87' lang='lat' dir='ltr'>cs.</span> <span class='ocrx_word' id='word_1_205' title='bbox 712 4407 744 4456; x_wconf 78' lang='lat' dir='ltr'>p.</span> <span class='ocrx_word' id='word_1_206' title='bbox 765 4393 825 4452; x_wconf 79' lang='lat'>641,</span> <span class='ocrx_word' id='word_1_207' title='bbox 838 4393 918 4442; x_wconf 80' lang='grc'><em>21-24</em></span> <span class='ocrx_word' id='word_1_208' title='bbox 984 4393 1016 4443; x_wconf 80' lang='lat'>18</span> <span class='ocrx_word' id='word_1_209' title='bbox 1032 4390 1107 4442; x_wconf 80' lang='lat' dir='ltr'>Bufc</span> <span class='ocrx_word' id='word_1_210' title='bbox 1131 4392 1176 4455; x_wconf 82' lang='lat' dir='ltr'>(cf.</span> <span class='ocrx_word' id='word_1_211' title='bbox 1199 4407 1230 4454; x_wconf 77' lang='lat' dir='ltr'>p.</span> <span class='ocrx_word' id='word_1_212' title='bbox 1253 4393 1315 4452; x_wconf 76' lang='lat'>350,</span> <span class='ocrx_word' id='word_1_213' title='bbox 1330 4395 1374 4458; x_wconf 78' lang='grc'>14)</span> <span class='ocrx_word' id='word_1_214' title='bbox 1398 4393 1441 4445; x_wconf 82' lang='lat' dir='ltr'>M:</span> 
     </span>
     <span class='ocr_line' id='line_1_31' title="bbox 298 4469 1261 4537; baseline 0.003 -18"><span class='ocrx_word' id='word_1_215' title='bbox 298 4469 374 4520; x_wconf 90' lang='lat' dir='ltr'>bubo</span> <span class='ocrx_word' id='word_1_216' title='bbox 388 4470 431 4520; x_wconf 86' lang='lat' dir='ltr'>Br</span> <span class='ocrx_word' id='word_1_217' title='bbox 445 4471 463 4520; x_wconf 83' lang='lat' dir='ltr'>l.</span> <span class='ocrx_word' id='word_1_218' title='bbox 477 4487 500 4521; x_wconf 86' lang='lat' dir='ltr'>e.</span> <span class='ocrx_word' id='word_1_219' title='bbox 567 4472 598 4522; x_wconf 84' lang='lat'>19</span> <span class='ocrx_word' id='word_1_220' title='bbox 613 4471 777 4537; x_wconf 67' lang='lat' dir='ltr'>gallaecia]</span> <span class='ocrx_word' id='word_1_221' title='bbox 790 4472 917 4537; x_wconf 60' lang='lat' dir='ltr'>efflent.</span> <span class='ocrx_word' id='word_1_222' title='bbox 935 4473 1006 4527; x_wconf 79' lang='lat' dir='ltr'>Oirc.</span> <span class='ocrx_word' id='word_1_223' title='bbox 1017 4487 1049 4537; x_wconf 79' lang='lat' dir='ltr'>p.</span> <span class='ocrx_word' id='word_1_224' title='bbox 1063 4472 1127 4535; x_wconf 76' lang='lat'>202,</span> <span class='ocrx_word' id='word_1_225' title='bbox 1137 4473 1171 4522; x_wconf 83' lang='lat'>16</span> <span class='ocrx_word' id='word_1_226' title='bbox 1178 4469 1261 4523; x_wconf 63' lang='lat' dir='ltr'>reor.</span> 
     </span>
    </p>
   </div>
   <div class='ocr_carea' id='block_1_8' title="bbox 1468 983 1559 1046">
    <p class='ocr_par' dir='ltr' id='par_1_12' title="bbox 1468 983 1559 1046">
     <span class='ocr_line' id='line_1_32' title="bbox 1468 983 1559 1046; baseline 0 0"><span class='ocrx_word' id='word_1_227' title='bbox 1468 983 1559 1046; x_wconf 79' lang='lat' dir='ltr'>90v</span> 
     </span>
    </p>
   </div>
   <div class='ocr_carea' id='block_1_9' title="bbox 0 0 1748 5108">
    <p class='ocr_par' dir='ltr' id='par_1_13' title="bbox 0 0 1748 5108">
     <span class='ocr_line' id='line_1_33' title="bbox 0 0 1748 5108; baseline 0 3"><span class='ocrx_word' id='word_1_228' title='bbox 0 0 1748 5108; x_wconf 95' lang='lat' dir='ltr'> </span> 
     </span>
    </p>
   </div>
  </div>
 </body>
</html>
