3488 5108
665 401 794 445 sauma
814 401 971 446 smmum
994 402 1199 448 smrvsavu.
1445 389 1504 447 205

361 554 453 639 quod
484 561 536 620 est
565 555 753 638 immobile,
782 555 819 620 in
851 565 946 622 motu
973 564 1025 621 est
1055 556 1141 621 illud
1160 557 1251 642 quod
1275 564 1448 638 movetur,
1466 555 1503 619 in

361 679 476 764 quiete
496 678 582 745 illud
602 680 693 766 quod
713 688 827 768 potest
846 682 986 747 moveri.

450 805 549 871 Circa
568 805 804 871 duodecimam
828 804 919 871 inter
948 805 1125 872 definitive
1149 815 1183 872 et
1208 806 1505 892 circumscriptive

362 938 414 997 est
437 931 529 1018 quod
552 939 690 1013 neutra,
709 954 768 997 seu
784 932 901 1018 potius
918 931 1010 1019 quod
1029 942 1175 1018 utroque
1192 931 1292 998 modo
1308 931 1507 997 eminentis-

316 1068 336 1129 5
360 1058 445 1123 sime
465 1064 517 1122 est
535 1057 678 1142 alieubi,
699 1064 738 1122 ut
758 1056 849 1143 quod
868 1066 921 1123 est
939 1057 1068 1143 ubique
1088 1081 1155 1123 non
1176 1067 1215 1124 ut
1234 1059 1271 1124 in
1290 1059 1391 1123 loeo*
1418 1082 1436 1119 s
1463 1081 1480 1118 s

449 1182 548 1247 Circa
577 1181 851 1248 tleaimatertiam
874 1182 1065 1250 subiective
1089 1183 1216 1248 dieitur
1241 1181 1373 1268 aliquid
1392 1182 1508 1249 huius·

360 1307 453 1374 modi
469 1308 506 1373 in
522 1308 709 1397 proposita
727 1308 865 1395 quando
885 1316 937 1375 est
952 1309 1022 1376 tale
1035 1315 1176 1396 propter
1192 1307 1363 1375 rationem
1380 1330 1505 1398 appro-

359 1434 510 1522 priatam
528 1433 696 1518 subiecto,
709 1432 901 1500 formaliter
920 1457 1001 1501 vero
1022 1434 1158 1519 quando
1170 1440 1312 1521 propter
1327 1435 1504 1522 propriam

359 1560 538 1626 rationem.
558 1558 659 1627 Unde
678 1560 715 1624 in
732 1560 851 1625 eodem
870 1582 1049 1648 possumus
1067 1559 1179 1624 dicere
1199 1558 1362 1625 'musicus
1382 1560 1505 1626 currit’

299 1689 339 1752 10
361 1693 396 1751 et
411 1685 576 1752 ‘musicus
594 1709 664 1751 non
681 1686 815 1768 currit]
832 1686 982 1752 musicus
999 1685 1091 1751 enim
1107 1684 1313 1769 formaliter,
1334 1692 1503 1771 quatenus

362 1812 524 1896 musicae,
550 1812 643 1876 canit
675 1811 729 1876 vel
760 1821 874 1892 sonat,
896 1810 1044 1877 musicus
1076 1833 1171 1893 vera,
1199 1817 1321 1898 utpote
1352 1811 1503 1877 musicae

362 1938 568 2020 subiectum,
589 1944 704 2024 potest
723 1959 869 2002 currere.

450 2064 492 2128 In
512 2062 769 2149 decimaquarta
787 2061 973 2127 latitudine
995 2061 1087 2126 inter
1106 2061 1247 2128 evidens
1270 2070 1305 2127 et
1329 2063 1502 2129 oecultum

362 2196 414 2253 est
443 2187 639 2267 confusum,
668 2211 727 2253 seu
755 2187 882 2274 partim
913 2186 1053 2252 evidens
1076 2186 1205 2273 partim
1229 2189 1416 2273 occultum,
1442 2211 1501 2254 seu

256 2307 261 2314 ’
299 2315 339 2378 lo
362 2321 537 2395 neutrum;
561 2320 596 2378 et
618 2320 800 2400 propterea
823 2311 860 2377 in
883 2312 947 2377 hoo
976 2312 1127 2379 anterior
1157 2334 1237 2399 pars
1269 2319 1303 2379 et
1332 2313 1503 2401 posterior

362 2448 581 2505 concurrunt.

450 2567 492 2630 In
512 2565 767 2651 decimaquinta
786 2564 971 2630 latitudine
995 2565 1111 2630 omnia
1129 2573 1266 2652 praeter
1286 2565 1321 2630 id
1341 2563 1432 2651 quod
1452 2571 1504 2628 est

360 2691 396 2756 in
417 2713 575 2778 supremo
591 2691 718 2778 gradu,
740 2690 831 2776 quod
850 2698 901 2755 est
920 2691 999 2756 finis
1018 2697 1169 2774 tantum,
1186 2698 1247 2756 aut
1266 2697 1347 2755 sunt
1365 2697 1501 2755 tantum

360 2816 403 2881 ad
427 2817 545 2896 fi11em3
568 2825 628 2881 aut
655 2823 694 2880 ut
718 2838 804 2902 quae
829 2815 865 2879 in
894 2815 1012 2881 infimo
1036 2815 1160 2901 gradu,
1185 2825 1245 2880 aut
1269 2820 1350 2880 sunt
1375 2815 1502 2901 partim

294 2949 338 3012 ‘20
360 2947 517 3027 respectu
540 2940 744 3006 inferiorum
767 2939 859 3022 finis,
884 2941 1013 3026 partim
1036 2949 1194 3027 respectu
1218 2939 1434 3027 superiorum
1459 2939 1503 3004 ad

361 3066 474 3131 finem.
493 3067 535 3131 hi
555 3065 802 3152 posterioribus
822 3073 903 3129 sunt
922 3088 992 3130 non
1012 3065 1115 3130 entia.

364 3289 626 3297 —-—-——-—
642 3286 1408 3296 ,κωῂ---ᾲ--κ-
1419 3285 1494 3293 .—

452 3431 468 3480 2
484 3381 560 3497 liiiio
575 3431 597 3479 A
662 3432 678 3480 5
695 3431 763 3493 clepo
778 3430 839 3481 loco
853 3445 949 3478 marica
963 3429 1026 3494 opus'
1038 3426 1242 3491 iulerprmzs'oue
1255 3426 1284 3478 in
1296 3426 1317 3476 Α
1326 3464 1333 3488 ,
1349 3425 1421 3477 enai
1431 3426 1502 3477 iudi·

360 3511 463 3561 chiama
480 3528 535 3561 ana
553 3511 663 3561 maana:
683 3512 754 3560 loeo.
774 3506 943 3569 (Definitivo
961 3515 994 3557 ut
1010 3509 1106 3558 anima
1120 3509 1148 3558 in
1161 3524 1292 3572 corpore,
1306 3513 1336 3557 et
1349 3513 1432 3557 extra
1445 3523 1502 3556 non

360 3599 404 3643 ost
420 3592 545 3656 angulus
562 3593 610 3641 ubi
628 3598 778 3656 operatur;
796 3587 1051 3655 Circumscriptivi
1068 3594 1101 3638 ut
1118 3589 1230 3650 tabula,
1249 3603 1360 3651 mensa,
1379 3588 1452 3638 liber
1473 3587 1503 3636 in

360 3673 492 3731 insopor
551 3671 804 3737 GaliquidsubA¹
870 3669 976 3732 ando
995 3668 1176 3734 :1:quodM
1236 3665 1506 3732 &qudorlzonull

360 3755 390 3804 12
406 3769 529 3805 currere.
539 3754 659 3811 (Omnes
671 3752 855 3818 operationes
864 3756 932 3800 sunt
942 3750 1181 3816 suppositorum.)
1192 3748 1224 3798 M
1286 3749 1316 3798 18
1328 3748 1445 3799 evidens
1458 3746 1500 3797 M:

360 3889 522 3939 eminensA
589 3888 620 3936 18
636 3848 754 3952 supimo
769 3886 790 3934 A
857 3885 934 3934 18.21
953 3884 1030 3949 quod
1047 3890 1091 3934 est
1109 3884 1175 3934 finis
1193 3887 1320 3946 tantum,
1336 3888 1388 3931 aut
1401 3884 1471 3930 sant
1485 3895 1503 3929 a

361 3969 417 4018 fine
432 3974 482 4019 aut
498 3968 532 4018 ed
550 3967 635 4017 finam
653 3971 781 4027 tantum,
797 3971 830 4015 ut
846 3979 919 4031 quae
936 3965 966 4015 in
984 3965 1084 4015 infimo
1100 3964 1205 4029 gradu,
1224 3969 1274 4013 eut
1293 3968 1361 4013 sunt
1375 3960 1443 4012 ssaia
1461 3975 1503 4010 re·

361 4054 460 4116 speetu
474 4049 644 4099 inferiorum
660 4062 677 4098 a
691 4047 756 4098 fino.
770 4046 803 4096 In
817 4045 1028 4110 posterioribus
1041 4051 1086 4095 ele.
1100 4044 1131 4093 M
