3488 5108
838 420 884 466 na
904 420 1020 465 ultim.
1345 431 1351 447 ·
1443 400 1503 464 415

355 581 498 663 propter
517 573 798 658 similitudinem,
820 595 888 659 qua
907 573 1019 660 magis
1038 572 1168 639 recedit
1188 595 1208 638 a
1227 569 1382 638 crassitie
1401 569 1503 635 hebe·

356 700 457 767 tioris
484 701 700 767 substantiae
734 699 908 765 sensibilis
937 698 1214 787 compositorum.
1245 698 1329 763 Esse
1360 718 1503 783 corpora

357 825 574 893 insensibilia
593 833 627 892 et
648 825 845 913 spiritualia
864 804 1061 912 praedictas
1080 824 1264 906 efficaciae,
1284 828 1319 888 et
1338 845 1358 888 a
1378 820 1503 906 quibus

357 977 436 1021 vere
455 954 493 1020 in
512 955 714 1041 corporibus
734 954 955 1020 sensibilibus
975 955 1059 1042 ipsis
1084 955 1195 1021 omnis
1226 960 1278 1019 est
1308 954 1433 1036 virtus,
1454 952 1505 1017 in-

313 1087 333 1149 b
356 1079 449 1145 dicat
468 1088 588 1146 a'e'reus
609 1080 683 1166 ipse
702 1080 861 1167 spiritus,
883 1080 941 1165 qui
961 1102 1055 1146 mare
1073 1079 1276 1146 universum
1295 1078 1450 1144 concutit
1470 1084 1505 1143 et

252 1194 266 1219 ”
357 1204 510 1290 discutit,
528 1211 562 1271 et
578 1205 828 1272 invictissimus
844 1211 1026 1272 ventorum
1041 1205 1200 1293 impetus,
1215 1204 1275 1290 qui
1287 1202 1504 1270 serenissimo

357 1329 526 1396 existente
544 1339 623 1396 aere
641 1330 895 1418 purissimoque
914 1330 1069 1397 concutit
1092 1337 1237 1412 terram,
1256 1328 1392 1415 frangit
1408 1328 1505 1394 arbo-

357 1477 424 1539 res,
445 1454 554 1521 diruit
572 1455 736 1521 aedificia.
757 1456 804 1523 Ut
823 1455 953 1541 optime
971 1462 1071 1522 notat
1089 1455 1281 1538 Lucretius,
1296 1453 1362 1520 hoc
1381 1475 1504 1541 corpus

297 1655 300 1658 ⁴
357 1580 513 1668 spiritale
543 1591 595 1648 est
626 1582 716 1667 quod
744 1582 860 1649 omnia
890 1589 1054 1670 operatur
1085 1583 1121 1648 in
1150 1583 1235 1670 ipsis
1265 1581 1503 1665 sensibilibus,

294 1712 335 1775 10
357 1707 448 1773 unde
478 1708 592 1795 ipsum
615 1709 659 1774 ab
683 1709 798 1776 anima
821 1709 960 1775 differre
983 1733 1053 1776 non
1077 1710 1338 1777 arbitrabantur
1360 1708 1502 1797 plurimi

357 1833 656 1920 philosophorum;
679 1835 683 1923 1
704 1835 795 1900 unde
808 1835 895 1901 illud
907 1835 1046 1923 poetae‘
1059 1842 1229 1921 quantum
1243 1835 1341 1922 ignes
1354 1834 1505 1900 animae·
1529 1831 1612 1894 13v
1622 1833 1678 1895 M

359 1984 424 2046 que
448 1960 591 2044 valent',
610 1961 674 2029 hoc
697 1969 749 2027 est
774 1970 840 2028 atr.
864 1963 963 2049 Ignis
988 1985 1135 2048 quoque,
1155 1963 1214 2049 qui
1234 1985 1304 2029 non
1328 1963 1365 2027 in
1390 1984 1504 2028 crassa

359 2085 504 2152 materia
532 2087 713 2170 consistit,
743 2098 783 2153 ut
809 2089 990 2172 carbones,
1020 2096 1055 2154 et
1082 2088 1174 2154 unde
1202 2088 1366 2154 dicuntur
1390 2087 1503 2173 ignita

360 2232 516 2298 corpora,
548 2211 592 2277 ab
622 2221 699 2278 ae're
727 2236 798 2280 non
828 2212 966 2279 differre
996 2213 1209 2299 intelligitur
1234 2212 1303 2278 nisi
1327 2211 1503 2278 accidente

296 2349 336 2412 15
360 2335 518 2420 quodam.
537 2338 648 2402 Immo
667 2359 769 2403 venis
788 2338 880 2425 ignis
900 2346 951 2404 est
970 2361 1070 2405 verus
1089 2338 1245 2426 spiritus,
1260 2337 1320 2422 qui
1338 2336 1376 2402 in
1393 2335 1506 2422 ignito

360 2469 412 2526 est
431 2462 637 2545 consistens,
658 2469 816 2550 torpeus;
831 2470 928 2529 extra
947 2464 1124 2549 ignitaest
1136 2463 1301 2545 existens,
1321 2466 1505 2547 vegetans;

358 2589 396 2653 in
415 2587 554 2654 flamma
572 2597 626 2655 est
644 2589 681 2653 in
703 2589 814 2655 media
835 2590 983 2675 (pradum
1002 2588 1246 2677 dispositione,
1267 2587 1377 2653 veluti
1406 2591 1504 2651 motu

360 2712 518 2800 quodam.
534 2715 600 2780 Per
617 2714 709 2780 hunc
728 2714 890 2802 spiritum
905 2715 1133 2781 diversimode
1149 2715 1345 2780 formantur
1361 2733 1505 2799 corpora

359 2838 496 2905 diversa
519 2848 553 2904 et
572 2839 747 2906 animalia.
769 2840 806 2906 Si
826 2863 896 2906 uon
915 2840 1031 2906 omnia
1051 2861 1193 2927 corpora
1213 2838 1404 2927 composita
1423 2847 1505 2904 sunt

295 2970 339 3033 ‘20
362 2963 539 3047 animalia,
560 2965 676 3030 omnia
695 2972 813 3031 tamen
832 2967 986 3032 animata
1004 2965 1200 3050 intelligere
1217 2970 1366 3052 oportet,
1381 2986 1505 3051 nempe

361 3089 398 3153 in
432 3091 593 3155 omnibus
626 3091 729 3156 unius
763 3092 901 3176 generis
932 3091 1097 3172 animam,
1122 3090 1204 3156 linet
1230 3112 1301 3155 non
1332 3090 1436 3155 unius
1470 3096 1505 3153 et

361 3214 512 3280 eiusdem
531 3222 642 3298 aetus,
663 3225 804 3303 propter
819 3217 905 3282 alias
922 3224 956 3282 et
975 3216 1060 3282 alias
1080 3216 1245 3282 materiae
1261 3214 1504 3302 dispositiones

402 3516 406 3521 ·
454 3506 469 3554 9
481 3498 574 3571 ᾧῐῖῑθ
588 3502 685 3568 (iuuere
696 3521 717 3554 u.
729 3508 746 3551 3
756 3496 893 3571 sprffidia)
904 3504 945 3554 M:
957 3504 1107 3569 spirituale
1119 3504 1141 3555 0
1187 3507 1216 3554 10
1229 3505 1450 3555 arbitrabuntur
1460 3505 1492 3554 M
1497 3523 1503 3555 :

361 3587 576 3638 arbitranturt'
637 3589 666 3635 11
683 3585 758 3651 l'ery.
774 3587 839 3635 Acir.
852 3587 956 3649 &1033
973 3584 1008 3648 cf.
1023 3599 1148 3649 samrap.
1167 3586 1253 3645 mae
1316 3583 1503 3651 udniarpine,

362 3664 390 3714 in
404 3672 486 3730 parte
504 3667 634 3724 lacerato,
654 3664 683 3714 ui
699 3666 730 3714 M
745 3664 769 3714 si
785 3667 854 3731 lappe
872 3665 988 3715 Lucrut.
1008 3665 1054 3715 V.⁰
1073 3664 1138 3728 (cici
1155 3681 1179 3714 v.
1202 3667 1255 3714 235
1276 3668 1342 3728 sqq.)
1357 3665 1505 3731 Principio

362 3749 496 3811 qnoniam
518 3747 606 3797 terrai
630 3749 677 3810 Μ
703 3755 731 3795 et
752 3747 854 3796 bmuor
874 3749 922 3807 ,Ἣ
942 3760 1063 3810 rumque
1086 3747 1163 3795 levus
1182 3745 1217 3809 (ἱ)
1234 3747 1346 3795 animae
1363 3746 1505 3812 calidique

362 3831 439 3888 vaip}
543 3828 664 3886 animal,
683 3841 788 3891 corpus
805 3827 963 3876 animatum
981 3833 1010 3875 et
1027 3839 1131 3892 corpus
1149 3827 1338 3876 inanimatum
1355 3827 1505 3878 attrahens

362 3908 484 3956 animum
500 3945 520 3957 ..
627 3909 655 3956 in
670 3943 676 3956 .
739 3908 833 3957 anima
907 3907 1014 3973 ubique
1031 3907 1179 3957 materiam
1199 3906 1242 3971 (7)
1253 3943 1398 3958 ..........
1416 3909 1509 3958 consi·

363 3986 474 4036 duranti
490 3989 595 4038 tertius
605 3993 633 4036 et
647 3995 768 4053 quartus
780 3987 813 4052 (l)
826 3988 927 4037 modus
938 4003 996 4037 non
1012 4023 1137 4038 .........
1153 3987 1287 4038 habentis
1302 3994 1347 4038 etc.
1361 3988 1457 4052 (aucte
1466 3988 1510 4038 uel

363 4074 432 4116 recto
449 4084 503 4117 riou
520 4065 659 4116 ricariumo
677 4086 694 4116 a
711 4067 811 4132 tepuere
829 4066 874 4116 cta
891 4067 990 4134 siuyclc
1003 4068 1124 4133 parole).
1141 4068 1226 4117 Forte
1244 4068 1261 4116 l’
1273 4066 1369 4117 ultima
1382 4076 1464 4132 parte
1480 4068 1510 4118 di

364 4155 528 4210 qucrtanota
540 4146 563 4195 si
578 4149 698 4212 ris'criscc
711 4167 728 4198 a
745 4166 767 4197 υ.
783 4151 814 4198 18
824 4150 964 4199 Parhuno
978 4150 1112 4215 spiritum
1127 4155 1184 4210 cta,
1201 4149 1264 4198 dove
1277 4150 1299 4198 c'
1310 4148 1323 4197 ὲ
1336 4165 1372 4197 un
1386 4165 1463 4214 seprio
1480 4148 1511 4198 ds·

363 4228 496 4278 rictiamo
561 4231 591 4279 12>
608 4230 688 4292 Ignis
703 4229 732 4278 M
739 4233 743 4263 ¹
761 4229 808 4292 (ru
826 4230 914 4290 Ignes
930 4230 952 4280 0
963 4246 1035 4280 corr.
1050 4229 1081 4279 M
1144 4244 1240 4280 crassa
1259 4228 1292 4280 0:
1309 4235 1404 4292 erata,
1419 4245 1437 4276 a
1451 4231 1511 4293 quet

363 4309 409 4358 che
430 4327 513 4371 pare,
538 4309 569 4358 M
631 4311 846 4360 reconderunt
871 4309 923 4361 GM
985 4312 1014 4359 14
1030 4308 1126 4360 avanti
1146 4327 1163 4358 a
1184 4326 1243 4361 non
1265 4310 1384 4360 cancella
1408 4309 1464 4359 inff
1477 4309 1510 4359 Μ

365 4391 394 4438 15
411 4390 467 4439 imo
486 4390 528 4439 M:
547 4391 603 4439 imo
622 4394 643 4441 (J
706 4392 736 4441 16
749 4391 819 4454 dopo
832 4396 950 4455 torpens
964 4391 1124 4440 cuuccllain
1138 4391 1297 4443 flummaM
1358 4392 1389 4440 19
1402 4391 1508 4441 unima-

365 4469 404 4518 lin
416 4472 440 4520 sl
455 4485 509 4521 non
526 4476 571 4522 etc.
587 4469 649 4534 OM,
660 4473 688 4536 f.
701 4471 845 4522 animalia.
861 4472 924 4521 Etsi
937 4471 1013 4521 euim
1028 4485 1085 4522 non
1100 4471 1170 4521 etc?
