3488 5108
463 420 552 466 ulam
573 418 784 466 rirrsrconvu
805 420 1020 467 ARISTOTELIS
1041 423 1232 470 excitemini.
1355 412 1415 472 9.ssss

273 584 469 660 contentas,
490 600 510 642 a
529 599 632 642 sensu
652 576 827 642 communi
851 586 1019 664 receptam
1043 577 1170 664 quibus
1189 579 1342 647 sire-cedit
1361 604 1414 646 co·

272 702 399 789 gitatio
419 710 453 766 et
473 701 678 787 imaginatio
698 709 733 767 ot
753 701 926 768 memoria.
947 701 1103 770 Subinde
1126 705 1282 790 sequitur
1301 703 1414 792 cogni·

244 854 248 860 ·
269 821 338 913 tio,
356 851 444 914 qnae
462 827 552 894 ratio
571 826 714 910 dicitur,
742 827 779 893 in
799 849 867 912 qua
886 829 1015 915 species
1039 837 1247 897 memoratae
1265 837 1299 897 61
1318 853 1414 897 exco-

273 955 406 1043 gitatae
427 953 471 1021 ad
498 954 650 1020 invicem
680 952 917 1038 conferuntur,
940 954 988 1021 ita
1012 962 1052 1022 ut
1080 955 1247 1043 quaedam
1276 959 1416 1046 ignotae

229 1083 249 1144 ὅ
273 1103 315 1145 ox
335 1080 427 1145 notis
451 1078 657 1145 inferantur.
677 1078 822 1144 Rationi
852 1078 1004 1146 succedit
1023 1080 1234 1167 intellectus,
1255 1083 1316 1168 qni
1345 1105 1416 1150 uon

273 1205 449 1288 discurrit,
464 1203 523 1269 sed
543 1203 744 1269 immediata
757 1202 906 1290 quadam
920 1206 1118 1293 appetentia
1131 1213 1165 1273 et
1183 1207 1416 1296 applicatione

274 1330 464 1417 cognoscit,
485 1330 575 1396 sicut
595 1352 716 1395 sensus
735 1352 797 1416 per
815 1330 977 1396 sensibile
999 1354 1173 1419 praesens.
1192 1332 1239 1398 Et
1258 1332 1341 1400 hacc
1360 1356 1418 1421 po·

274 1456 385 1522 tentia
408 1455 548 1522 obeam
573 1477 711 1521 causam
736 1462 787 1522 est
815 1453 967 1522 divinior
994 1456 1149 1540 caeteris,
1172 1458 1254 1544 quia
1278 1457 1416 1526 divinae

275 1581 467 1670 cognitioni
493 1580 717 1662 assimilatum
738 1580 820 1665 quie
843 1601 925 1648 vero
944 1581 1118 1668 contingit
1146 1582 1258 1671 ipsam
1277 1606 1297 1650 a
1316 1606 1416 1651 sensu

212 1715 254 1779 10
277 1715 312 1774 61
341 1708 477 1774 ratione
506 1705 630 1772 deduci
654 1712 688 1772 et
715 1728 888 1792 emanare,
918 1728 960 1771 ex
987 1706 1128 1796 propria
1157 1707 1292 1796 origine
1320 1731 1417 1776 suain

274 1832 532 1921 ignobilitatem
563 1837 785 1919 protestatur.
815 1832 1003 1919 Propterea
1035 1833 1265 1919 cognoscendi
1297 1833 1417 1901 mulus

274 1959 332 2025 ille
351 1957 659 2040 eminentissimus,
682 1957 742 2043 qui
770 1957 844 2023 sine
863 1957 1040 2055 discursu,
1058 1958 1199 2056 ratione
1214 1965 1259 2047 ⁴et
1292 1958 1417 2047 specio·

273 2107 349 2152 rum
369 2083 553 2151 collatione
580 2108 598 2146 a
625 2108 642 2144 s
669 2107 704 2167 a,
724 2088 776 2148 est
795 2106 900 2148 mens.

362 2209 546 2275 Stantibus
565 2207 659 2275 hisce
690 2207 920 2294 cognoscendi
950 2207 1073 2293 modis,
1094 2230 1171 2276 oum
1200 2209 1300 2276 nobis
1320 2230 1416 2299 prae·
1440 2223 1550 2287 4213

209 2336 252 2401 15
275 2335 382 2401 sentis
402 2333 706 2421 contemplationis
735 2332 951 2420 propositum
971 2334 1017 2400 ait
1040 2334 1210 2402 rationem
1235 2334 1415 2421 adducere,
1514 2406 1521 2423 ,

275 2482 362 2545 quae
391 2459 438 2525 de
468 2465 616 2525 natura
647 2464 711 2539 est,
737 2464 772 2524 et
795 2457 975 2525 audiamus
999 2480 1116 2525 omnes
1140 2457 1360 2546 philosophos
1380 2459 1417 2528 in

274 2608 313 2652 eo
333 2584 533 2670 convenire,
554 2590 593 2649 ut
624 2584 666 2650 de
686 2584 761 2671 ipsa
789 2582 1012 2651 scientiam
1040 2583 1230 2672 appellent,
1246 2604 1320 2653 non
1343 2583 1418 2674 opi·

275 2711 427 2793 nionem,
448 2731 518 2776 non
537 2730 691 2792 sensum,
711 2728 781 2775 non
804 2708 1104 2795 imaginationem,
1129 2731 1199 2776 non
1222 2708 1416 2795 historiam,

274 2858 344 2901 non
363 2843 526 2918 mentem3
559 2834 661 2900 huius
686 2834 736 2898 rei
765 2833 853 2900 ratio
877 2856 940 2922 pro
968 2856 1083 2900 rerum
1111 2843 1145 2900 et
1175 2835 1416 2903 inventionum

207 2965 252 3029 20
275 2968 470 3029 nostrarum
490 2960 724 3046 intelligentia
744 2956 944 3027 adducenda
963 2967 1025 3028 eat.
1048 2959 1091 3029 In
1111 2961 1288 3049 proposito
1307 2959 1417 3048 igitur

274 3089 315 3155 (16
350 3088 452 3155 rebus
477 3086 713 3172 naturalibus,
748 3086 920 3175 corporeis
954 3093 989 3153 ct
1020 3085 1270 3172 singularibus,
1304 3085 1417 3173 quoni

274 3215 402 3302 species
433 3212 599 3300 quasdam
627 3219 805 3295 externas,
838 3212 964 3300 quibus
998 3236 1033 3279 so
1068 3213 1233 3300 ingerunt
1266 3214 1417 3280 externis

274 3340 444 3423 sensibus,
464 3339 577 3404 sensui
598 3336 787 3421 communi,
807 3338 1011 3427 phantasiae
1030 3346 1065 3405 61
1090 3339 1311 3425 cogitativae,
1332 3362 1416 3406 sen·

274 3490 341 3532 sus
361 3465 501 3551 «pridem
518 3474 578 3529 eat.
596 3465 647 3530 De
665 3465 910 3551 cogitabilibus
929 3472 1044 3532 autem
1062 3472 1096 3531 ot
1113 3464 1154 3532 de
1173 3465 1416 3533 collationibus

207 3598 251 3662 ‘25
274 3596 419 3660 istarum
444 3593 636 3680 specierum
662 3593 878 3659 sensibilium
899 3592 1147 3679 imaginatio
1165 3591 1332 3680 spirandum
1352 3600 1415 3660 cst.

273 3719 329 3785 Ab
348 3720 425 3786 istis
446 3719 669 3786 sensibilibus
697 3719 884 3785 secundum
904 3728 1019 3786 actum
1044 3718 1216 3805 quendam
1236 3742 1417 3806 argumen-

273 3847 422 3913 tativmn
442 3846 624 3933 procedere
645 3843 688 3911 ad
713 3844 951 3932 intelligibilia
970 3846 1077 3912 ratio
1097 3844 1261 3911 nimirum
1280 3856 1341 3913 est
1363 3844 1414 3911 Ex

274 3974 394 4040 multis
413 3973 669 4056 collationibus,
686 3973 1004 4061 comparationibus
1020 3982 1055 4040 61
1074 3972 1413 4062 appreliensionibus,

364 4320 381 4370 6
392 4319 418 4383 s.
442 4317 634 4383 impetentis!
697 4317 728 4368 18
748 4314 913 4368 &edictione
933 4334 989 4367 aaa
1007 4317 1106 4368 henna
1126 4318 1163 4383 (s.
1184 4318 1414 4386 (apprehendit),

273 4400 339 4452 eat?
352 4402 388 4464 cs.
402 4399 497 4462 Lamp.
511 4396 575 4462 trip.
591 4405 650 4448 etat
663 4416 692 4462 p.
708 4402 751 4456 52,
763 4398 811 4462 22;
826 4397 932 4448 Samma
946 4405 1020 4449 term.
1031 4398 1148 4463 metaph,
1162 4415 1190 4465 p,
1203 4401 1247 4461 82,
1260 4400 1341 4464 5}qu
1355 4406 1414 4467 ele.)

272 4482 304 4532 23
319 4486 348 4531 et
363 4480 450 4533 onr.0
510 4479 542 4528 '‘AE
554 4480 863 4546 appraclienaionibns,
878 4495 946 4529 conse
955 4495 1009 4544 per
1021 4478 1112 4543 soluo,
1127 4479 1155 4530 Io'
