3488 5108
700 426 746 471 nn
766 425 880 470 annvn
903 425 1078 472 rainerius
1097 428 1170 475 nro.
1447 413 1507 475 527

365 580 457 665 qnod
485 605 505 646 a
525 580 725 668 corporibus
754 589 930 667 evaporat,
960 605 1051 668 aqua
1073 589 1147 666 est;
1175 589 1211 648 et
1233 603 1341 670 vapor
1371 583 1444 670 ipse
1463 584 1508 649 ab

364 705 483 771 eadem
512 727 584 771 non
609 706 677 771 nisi
705 705 849 771 raritate
868 706 1008 772 differre
1035 713 1193 795 putatur,
1219 706 1311 792 quod
1339 714 1392 791 est
1423 707 1511 775 acci-

365 831 467 896 dente
487 830 646 916 quodam.
666 831 715 898 Ut
738 839 855 897 autern
879 832 967 898 varii
991 839 1074 898 sunt
1102 832 1260 920 spiritus,
1281 832 1398 898 variae
1426 840 1509 900 sunt

364 978 472 1041 aquae
491 954 729 1038 differentiae;
754 957 870 1022 variae
888 957 1016 1022 etenim
1040 965 1123 1024 sunt
1141 957 1332 1044 specierum
1360 960 1509 1046 comple·

319 1080 340 1143 ὃ
363 1081 498 1164 xiones,
519 1102 539 1146 a
559 1080 685 1167 quibus
709 1081 899 1147 secundum
918 1082 1033 1149 varias
1062 1083 1209 1149 virtutes
1228 1082 1504 1169 proficiscuntur.

364 1206 412 1272 Et
429 1229 511 1273 sane
530 1229 622 1292 aqna
642 1207 830 1274 secundum
850 1230 925 1273 eam
945 1209 1129 1289 rationem,
1150 1229 1218 1294 qua
1237 1207 1384 1297 simplex
1402 1209 1508 1295 quod-

362 1332 441 1398 dam
458 1332 668 1399 elementum
684 1341 750 1413 est,
767 1332 810 1398 ad
826 1332 962 1417 magiae
976 1332 1168 1418 singulares
1180 1340 1215 1398 et
1230 1333 1396 1421 speciales
1415 1341 1507 1401 artes

362 1480 421 1523 seu
450 1456 641 1523 medicinae
661 1479 733 1523 non
750 1457 835 1523 satis
859 1456 962 1540 facit,
990 1458 1148 1545 quamvis
1176 1457 1299 1542 faciat,
1326 1458 1408 1544 quia
1435 1480 1505 1524 non
1588 1544 1592 1551 ἱ

362 1605 587 1669 quaecunque
621 1583 872 1668 qualiscimque
906 1605 995 1667 aqua
1025 1581 1110 1648 facit
1140 1583 1272 1665 omnia,
1303 1582 1393 1649 siout
1416 1606 1507 1670 aqua

299 1709 339 1773 10
361 1707 580 1774 elementaris
599 1707 717 1773 omnia
735 1707 820 1774 facit
840 1706 1056 1793 originaliter
1076 1713 1110 1773 et
1140 1730 1202 1795 per
1224 1708 1417 1795 potentiam
1436 1709 1507 1796 pri-

363 1855 468 1917 mam,
488 1856 558 1900 non
578 1839 694 1898 autem
713 1855 776 1919 per
794 1831 988 1919 potentiam
1005 1831 1213 1918 proximam,
1234 1855 1323 1917 quae
1341 1839 1451 1898 artem
1471 1839 1506 1898 et

362 1957 544 2023 scientiam
559 1954 896 2043 particularemque
912 1955 1107 2041 indigemus
1120 1962 1155 2020 et
1165 1976 1269 2040 quam
1286 1955 1505 2043 inquirimus,

361 2082 553 2148 constituit,
573 2082 666 2147 Hinc
685 2088 724 2146 ut
749 2081 986 2166 cognoscimus
1005 2102 1120 2146 rerum
1149 2080 1359 2168 principium
1379 2089 1415 2148 et
1432 2104 1504 2148 rna-

361 2209 498 2291 teriam,
519 2210 570 2275 ita
597 2215 632 2274 et
650 2207 863 2295 principium
883 2206 1200 2292 regenerationnm,
1224 2207 1451 2275 refectionum
1469 2217 1506 2275 et

297 2339 337 2403 15
360 2334 626 2421 purgationum,
657 2333 738 2398 hino
760 2332 840 2398 illae
864 2333 1024 2398 lustrales
1055 2332 1282 2419 expiationes,
1308 2333 1369 2400 illa
1393 2334 1504 2422 bapti-

361 2465 485 2540 smata,
509 2465 545 2525 et
572 2458 664 2545 quod
698 2459 785 2525 solet
820 2457 942 2524 referri
976 2457 1020 2524 ad
1053 2458 1228 2545 triplicem
1260 2457 1504 2526 lustrationem

361 2592 497 2673 (nempe
520 2606 644 2670 equae,
673 2583 848 2671 sulphuris
879 2590 914 2648 et
941 2583 1046 2670 ignis)
1076 2605 1148 2649 non
1177 2583 1407 2672 intelligimus
1431 2607 1505 2652 esse

360 2710 534 2796 triplicem
553 2709 741 2776 secundum
762 2708 1006 2791 substantiam,
1028 2708 1087 2775 sed
1117 2707 1305 2775 secundum
1324 2711 1502 2795 accidens;

361 2835 449 2902 illud
468 2835 561 2900 enim
580 2834 672 2920 quod
691 2857 712 2900 a
730 2834 895 2921 sulphure
913 2841 1079 2922 evaporat
1097 2842 1132 2900 et
1151 2834 1309 2900 educitur
1328 2841 1364 2901 et
1382 2836 1503 2922 spirat,

294 2963 338 3026 ‘20
360 2960 398 3025 in
418 2981 485 3046 quo
504 2959 616 3025 virtus
640 2958 903 3025 mundificativa
926 2958 1100 3043 consistit,
1128 2980 1237 3045 vapor
1255 2965 1307 3025 est
1326 2967 1362 3026 et
1389 2982 1505 3028 conse·

361 3091 506 3171 quanter
530 3107 638 3171 aqua;
662 3083 815 3167 flamma,
835 3091 875 3150 ut
894 3084 1022 3150 dicitur
1047 3106 1155 3171 vapor
1179 3084 1318 3168 ardens,
1343 3108 1433 3172 aqua
1452 3095 1505 3154 est

362 3209 550 3276 secundum
565 3209 815 3292 substantiam5
835 3209 954 3295 itaque
970 3209 1081 3275 omnis
1098 3208 1279 3276 mundatio
1292 3211 1428 3297 magice
1444 3235 1504 3278 seu

361 3334 478 3401 divine
498 3334 661 3400 instituta
682 3334 726 3399 ad
745 3356 870 3420 aquam
885 3333 1043 3400 refertur.
1063 3334 1144 3400 Ideo
1164 3335 1387 3402 sacristaeex
1405 3343 1505 3405 textu

361 3466 395 3525 et
422 3482 464 3524 ex
493 3466 658 3524 contextu
681 3459 889 3525 elementum
919 3459 1154 3546 generationis
1173 3467 1209 3526 et
1231 3461 1504 3549 regenerationis

293 3586 336 3648 ‘25
360 3583 424 3649 hoc
442 3605 551 3649 unum
571 3591 764 3669 agnoscunt
783 3590 818 3649 et
837 3584 875 3649 in
893 3584 964 3650 suis
983 3561 1185 3652 ceremoniis
1204 3592 1454 3653 contestantur.

449 3707 551 3794 Aqua
571 3708 701 3774 verosi
721 3731 830 3774 unum
849 3708 993 3775 haberet
1011 3710 1049 3775 in
1067 3710 1228 3777 omnibus
1252 3711 1414 3797 gradum,
1435 3733 1504 3778 mo·

360 3832 491 3899 dumet
507 3833 804 3917 constitutionem,
822 3834 938 3901 omnia
952 3834 1096 3901 eandem
1112 3834 1279 3902 haberent
1298 3836 1503 3925 complexio-

360 3981 453 4043 nem,
482 3959 591 4024 vitam
621 3966 655 4024 et
684 3958 854 4025 habitum.
884 3961 992 4027 Porro
1022 3960 1106 4027 haec
1136 3960 1175 4026 in
1204 3961 1292 4028 mari
1319 3969 1372 4029 est
1394 3985 1503 4030 unum

360 4106 483 4170 genus,
516 4084 553 4149 in
572 4084 730 4150 fontibus
759 4092 795 4150 et
813 4084 1016 4152 fluminibus
1036 4093 1088 4152 θεῖ
1111 4086 1220 4171 aliud,
1250 4088 1287 4152 in
1304 4088 1435 4175 plantis
1454 4112 1504 4155 se·

456 4401 469 4448 1
487 4399 521 4463 cs.
540 4412 625 4462 sopra
638 4415 667 4463 p.
687 4398 749 4459 467,
760 4399 796 4447 20
858 4401 897 4449 10.
908 4399 938 4449 13
962 4398 1122 4464 potentiam
1138 4398 1461 4465 primam-constituit
1473 4401 1502 4455 in

361 4479 498 4546 nrarp.M
558 4477 807 4548 21dicitur]d.M
867 4479 1268 4546 29geuuslgenusestud1¹
