3488 5108
742 373 881 418 Ionum
901 372 1003 417 BRVNI

392 523 472 589 Alia
495 547 557 613 per
579 525 731 594 diversas
757 528 1040 595 commixtionum
1064 525 1207 614 species,
1237 547 1325 612 quae
1347 525 1437 591 ratio

305 646 421 712 differt
440 671 460 714 a
478 652 736 738 compositione,
756 653 793 719 in
818 676 885 740 qua
907 658 1023 740 partes
1046 651 1198 717 retinent
1222 649 1277 716 vel
1299 670 1439 737 prorsus

305 771 360 837 vel
386 772 501 860 aliquo
525 774 626 842 modo
648 776 823 865 propriam
846 777 1009 860 sormam,
1032 775 1090 842 hic
1112 797 1193 842 vero
1217 774 1375 856 minime,
1399 781 1440 839 ut

304 903 401 985 patet
423 898 484 964 ubi
506 899 666 967 humores
688 901 726 968 in
748 925 854 969 unam
881 924 1028 969 massam
1056 899 1303 967 conficiendam
1330 909 1436 985 atque

261 1024 282 1088 5
305 1021 464 1110 pulveres
483 1034 701 1093 concurrunt.

393 1147 474 1216 Alis
492 1173 554 1238 per
572 1152 824 1240 separationem
843 1152 1029 1240 quandam,
1050 1151 1110 1218 ubi
1128 1173 1200 1219 non
1218 1158 1355 1220 tantum
1374 1173 1438 1217 nos

306 1276 441 1362 operari
456 1276 698 1364 intelligimur,
718 1284 887 1364 quantum
902 1301 963 1366 per
978 1300 1040 1344 nos
1055 1277 1111 1345 vel
1126 1300 1188 1366 per
1204 1276 1298 1344 aliud
1313 1283 1438 1343 natura

305 1399 361 1466 vel
376 1400 610 1489 intelligentia
628 1403 886 1493 prinoilpalitcr
905 1410 1076 1491 operetur.
1464 1399 1553 1463 99'

394 1526 474 1593 Alia
512 1534 564 1594 est
591 1527 730 1595 tandem
759 1552 821 1617 per
850 1529 1077 1595 obiectionem
1111 1551 1184 1614 seu,
1212 1534 1253 1594 ut
1280 1526 1440 1615 proprius

243 1648 285 1712 10
308 1651 433 1738 dicam,
462 1653 741 1739 obiectationem,
773 1655 1060 1742 quemadmodum
1088 1654 1199 1721 eidem
1227 1653 1366 1743 speculo
1391 1654 1443 1718 in·

308 1777 487 1844 formando
519 1779 786 1847 innumerabiles
814 1781 986 1847 obiectare
1013 1802 1193 1869 possumus
1221 1781 1362 1866 figuras,
1392 1801 1444 1845 eo·

309 1902 453 1991 demque
471 1927 610 1992 prorsus
630 1906 673 1972 ad
697 1905 849 1973 diversas
873 1929 1037 1975 converso
1061 1906 1218 1994 regiones
1242 1904 1358 1971 omnia
1380 1925 1444 1991 pro

308 2029 362 2096 sui
385 2028 581 2098 conditione
608 2032 756 2117 diversa,
783 2032 884 2099 unica
911 2040 946 2098 et
973 2031 1109 2118 aequali
1137 2030 1286 2119 quadem
1313 2029 1445 2096 virtute

309 2158 487 2246 concipere
506 2180 695 2246 possumus.

244 2281 285 2346 15
397 2283 513 2350 Prima
549 2285 761 2351 inventionis
795 2285 924 2373 species
957 2283 1120 2371 aptabilis
1156 2281 1293 2349 videtur
1327 2281 1438 2368 magis

310 2410 590 2477 sermocinalibus
609 2418 644 2476 et
660 2410 771 2477 eiusce
788 2410 925 2496 generis
946 2409 1062 2476 allatis
1085 2407 1277 2497 disciplinis
1301 2414 1336 2473 et
1359 2407 1444 2473 arti·

310 2537 373 2603 bus
402 2537 488 2639 illis,
519 2560 607 2623 quae
638 2536 852 2625 simplicibus
883 2536 1089 2624 quibusdam
1109 2526 1272 2603 'humana
1305 2534 1439 2602 ratione

310 2661 441 2728 effectis
459 2668 494 2727 et
512 2661 686 2728 distinctis
704 2661 885 2750 principiis
904 2661 1080 2728 incedunt.

399 2787 556 2854 Secunda
573 2788 689 2875 potius
707 2795 852 2854 naturae
875 2787 1033 2876 operanti
1056 2788 1112 2854 vel
1135 2787 1229 2853 casui
1252 2787 1308 2852 vel
1329 2785 1439 2852 fortu-

244 2923 289 2988 20
310 2939 375 2982 nae
394 2915 616 2997 assimilatur,
637 2914 692 2980 cui
710 2915 993 3002 proportionetur
1011 2914 1181 2997 inventio,
1202 2935 1288 3000 quae
1303 2913 1341 2978 in
1355 2911 1440 2979 locis

310 3040 507 3108 verbalibus
525 3040 685 3128 positivis
704 3040 906 3128 explicatur.

399 3166 516 3232 Tertia
552 3165 687 3231 animae
712 3164 945 3252 operationem
971 3164 1176 3243 aemulatur,
1202 3185 1290 3249 quae
1320 3185 1340 3229 a
1368 3186 1445 3229 cen·

311 3299 365 3358 tro
385 3292 524 3358 seminis
544 3299 615 3357 tam
634 3291 820 3356 intrinseco
839 3289 1003 3355 materiae
1018 3289 1171 3354 diversas
1187 3288 1390 3356 assumendo
1410 3296 1445 3355 et

312 3417 515 3483 attrahendo
538 3423 653 3503 partes
677 3423 851 3503 operatur,
876 3415 973 3481 cuius
996 3415 1171 3503 opificium
1195 3415 1367 3481 contrario
1392 3436 1445 3481 or·

245 3553 289 3617 25
312 3543 393 3610 dine
411 3542 591 3609 incedente
608 3541 816 3609 resolutione
834 3541 1043 3608 dissolvitur.

404 3746 548 3799 Binncnzr'
567 3765 586 3797 a
605 3747 725 3798 formam
747 3746 760 3796 ὲ
780 3746 922 3797 cancellato
945 3748 1066 3810 figuram
1083 3746 1112 3796 in
1131 3747 1152 3795 A
1216 3745 1448 3812 8prinplicilter

310 3829 402 3896 primo
415 3831 486 3880 dello
497 3828 681 3878 correzicncd
746 3830 776 3879 10
792 3828 992 3878 obiectatioem
1003 3826 1044 3878 M:
1054 3826 1212 3894 objectoem
1226 3828 1249 3876 A
1313 3826 1389 3877 10.11
1407 3826 1447 3877 in·

307 3912 457 3963 formando
473 3910 514 3960 M:
535 3911 565 3959 in
580 3909 726 3970 formaldo
743 3911 766 3958 A
831 3911 861 3959 14
877 3907 988 3973 concipi
1005 3908 1038 3957 M
1098 3904 1191 3974 po'ssit
1209 3904 1266 3972 (sic)
1281 3907 1319 3957 A:
1335 3911 1446 3973 potest,

314 4011 333 4044 3
343 3993 402 4056 quel
414 3993 459 4042 che
474 3990 590 4052 sembra,
608 3989 640 4039 M
701 3989 732 4039 15
746 4007 800 4055 sqq.
814 3989 844 4040 in
857 3989 890 4039 M
901 3990 991 4039 bonno
1002 4005 1039 4038 un
1054 4005 1163 4039 nurnero
1176 3987 1203 4037 d’
1214 3987 1308 4039 ordine
1322 3988 1397 4054 (ch
1413 3988 1451 4039 ad

315 4074 398 4139 VIII)
415 4073 532 4123 ancbcle
548 4070 660 4135 ‘species
674 4068 867 4136 incestipacrdi'
881 4072 975 4136 (sopra
984 4087 1014 4135 p.
1028 4072 1058 4130 5,
1074 4071 1092 4118 4
1104 4070 1184 4134 squ),
1200 4085 1212 4118 3
1226 4070 1294 4119 nelle
1309 4077 1385 4119 elcese
1399 4087 1450 4135 pa·

313 4155 374 4223 pirre
390 4170 454 4204 sono
466 4152 687 4216 parallelamentc
703 4149 816 4216 dispesci
830 4150 859 4201 in
875 4167 930 4200 unc
946 4151 1059 4201 secorrda
1075 4151 1189 4200 celenna
1204 4151 1215 4199 ι’
1229 4149 1328 4215 napoli
1343 4148 1452 4200 articolc‘

316 4236 362 4285 elic
376 4234 403 4285 ai
415 4233 635 4296 corrispondmro,
647 4233 692 4283 clre
700 4231 793 4296 percit
805 4248 869 4281 sono
879 4228 974 4282 rideri
984 4231 1021 4280 cd
1031 4236 1100 4292 otto,
1114 4230 1220 4281 essendo
1231 4231 1294 4281 atati
1301 4229 1363 4293 suri
1372 4230 1402 4281 in
1415 4247 1452 4282 cn

316 4314 371 4365 solo
386 4313 459 4380 (VI.)
471 4312 510 4380 pli
523 4312 630 4364 articuli
645 4313 693 4364 VI.
704 4313 760 4364 VII
771 4315 811 4377 (p.
824 4314 848 4374 7,
859 4313 919 4378 5-8)
968 4312 998 4361 16
1014 4312 1275 4363 sermocinantibus
1287 4313 1318 4362 Μ
1366 4313 1397 4362 18
1413 4313 1451 4362 ef-

815 4391 829 4418 a

318 4429 706 4482 finctisvelindistinctisM
766 4432 796 4479 21
814 4427 1104 4495 appositivis(aie)M
1164 4429 1195 4477 23
1212 4427 1454 4479 temA:etabM
