3488 5108
662 441 792 487 usuras
813 442 971 489 rarorum
992 443 1200 489 srarvunvu.
1464 429 1502 488 79

354 596 459 662 bilem
479 620 521 663 ex
538 620 609 664 uua
627 605 726 685 parte
749 604 784 663 et
807 598 994 666 adamanta
1017 598 1343 667 incontractabilem
1359 605 1503 666 notatur

356 724 525 790 naturalis
544 724 703 813 potentia
722 725 778 792 vel
797 725 1012 813 impotentia.

444 848 504 915 VI.
533 851 599 916 Per
627 851 744 936 ignem
774 873 969 936 accensum,
1000 851 1038 917 in
1066 874 1169 938 quem
1197 852 1345 940 Cyclops
1377 875 1503 938 aquam

356 973 487 1059 iniicit,
519 981 663 1043 notatur
691 976 841 1062 qualitas
868 977 983 1043 activa
1010 983 1045 1043 et
1072 977 1224 1066 passiva,
1255 978 1367 1066 qualis
1391 984 1443 1045 est
1466 978 1503 1044 in

312 1101 334 1166 5
358 1101 546 1168 elementis.

447 1226 526 1293 VII.
551 1228 618 1294 Per
636 1228 700 1294 hoc
720 1229 811 1315 quod
831 1228 978 1316 Cyclops
996 1228 1109 1315 igneis
1127 1229 1259 1296 favillis
1278 1230 1443 1315 laeditur,
1463 1230 1504 1296 si·

357 1350 544 1439 gnificatur
569 1353 682 1440 passio
706 1359 741 1418 et
765 1353 939 1441 passibilis
963 1354 1126 1440 qualitas,
1149 1377 1235 1439 quae
1254 1361 1306 1421 est
1325 1354 1436 1422 forma
1455 1378 1504 1421 se·

358 1476 510 1543 cundum
523 1501 660 1545 sensum
671 1479 877 1566 proveniens
891 1502 911 1545 a
923 1479 1151 1565 qualitatibus
1163 1479 1287 1547 activis
1298 1487 1332 1546 et
1344 1480 1503 1568 passivis,

359 1613 394 1672 et
411 1605 490 1672 aliis
509 1628 597 1693 quae
616 1628 754 1672 sensum
773 1606 932 1672 alterant.

294 1725 338 1791 10
448 1731 544 1797 VIII.
569 1730 854 1798 Formatioferri
878 1730 1085 1799 informem
1116 1732 1279 1820 fulguris,
1312 1733 1404 1819 quod
1426 1733 1503 1800 Iovi

362 1859 537 1925 Vulcanus
557 1857 794 1942 administrat,
814 1858 961 1923 formam
985 1857 1034 1924 rei
1058 1858 1258 1925 sensibilem
1281 1865 1317 1925 et
1340 1858 1505 1926 extrinse-

361 2006 436 2050 cum
471 1983 660 2070 significat,
686 2007 746 2050 seu
774 1983 1055 2050 circumstantem
1086 1983 1248 2071 figuram,
1279 2006 1347 2070 qua
1376 1984 1504 2051 dicitur

362 2108 585 2194 quadratum,
605 2108 820 2196 triangulare
840 2114 903 2176 etc.

449 2234 514 2300 IX.
538 2232 734 2301 Curvatura
762 2233 899 2300 incudis
928 2257 947 2301 a
975 2233 1217 2322 frequentibus
1241 2232 1504 2300 contusionibus

297 2359 339 2424 15
363 2361 530 2448 impressa
549 2360 696 2425 formam
715 2359 906 2446 significat,
925 2383 1012 2446 quae
1031 2382 1049 2425 e
1068 2359 1217 2447 vestigio
1237 2359 1383 2426 alicuius
1397 2358 1504 2426 actio-

360 2485 416 2551 nis
435 2485 489 2552 vel
509 2486 681 2573 passionis
699 2485 938 2573 proficiscitur.

449 2611 495 2676 X.
519 2611 667 2700 Oyulops
684 2610 796 2677 nudus
811 2610 968 2676 habitum
988 2633 1030 2676 ex
1049 2610 1208 2697 opposita
1223 2610 1357 2676 ratione
1373 2608 1504 2695 signifi-

363 2746 434 2821 cat,
456 2737 616 2825 quodque
640 2738 677 2803 in
701 2759 786 2824 opus
810 2737 998 2804 inclinatus
1021 2736 1220 2824 inspicitur,
1241 2734 1503 2823 dispositionem

361 2871 469 2931 notat.

294 2984 338 3047 20
449 2991 514 3057 XI.
533 2990 632 3069 Quod
646 2991 820 3058 Vulcanus
840 3013 925 3077 opus
944 2989 1133 3073 exanimat,
1150 2987 1297 3053 formam
1317 2986 1502 3073 significat,

361 3144 449 3207 quac
468 3145 510 3186 ex
529 3143 644 3187 rerum
665 3120 888 3207 conceptione
908 3119 1026 3185 oritur.

449 3248 532 3313 XII.
559 3247 658 3326 Quod
677 3248 853 3314 Vulcanus
876 3244 1030 3312 defectus
1054 3245 1211 3330 corrigit,
1232 3245 1393 3327 formam,
1415 3267 1502 3330 quae
1530 3247 1647 3310 133²

360 3376 451 3443 ratio
472 3375 640 3460 quaedam
659 3382 729 3458 est,
750 3374 801 3439 rei
820 3380 928 3439 notat.

449 3501 552 3565 XIII.
578 3500 676 3578 Quod
695 3500 871 3565 Vulcanus
891 3497 1077 3564 artificium
1096 3506 1288 3565 correctum
1305 3499 1343 3563 in
1363 3496 1503 3584 proprio

295 3633 338 3697 25
362 3628 436 3694 loco
461 3627 614 3715 reponit,
639 3627 785 3692 formam
809 3648 872 3713 pro
896 3624 1097 3690 ‹infinitiono
1121 3633 1373 3713 supponentem
1393 3629 1454 3688 not
1478 3629 1502 3688 t.

450 3755 546 3820 XIV.
573 3754 671 3832 Quod
694 3753 738 3819 ad
761 3753 854 3819 illins
878 3752 1007 3840 opificii
1028 3753 1170 3818 correcti
1190 3752 1337 3818 formam
1357 3759 1392 3817 ct
1411 3750 1505 3817 simi·

361 3882 547 3947 litudinein
570 3880 718 3967 Cyclops
743 3901 869 3946 novum
894 3886 1007 3944 tentat
1031 3878 1222 3965 opificium,
1247 3878 1423 3964 exemplar
1452 3902 1505 3944 oc-

364 4031 499 4074 currere
517 4006 611 4072 facit.

451 4132 529 4197 XV.
555 4130 654 4209 Quod
673 4129 813 4196 tandem
837 4131 949 4196 similo
973 4130 1181 4214 construxit,
1202 4130 1424 4196 simulacrum
1444 4151 1504 4195 no·

456 4425 778 4477 lincontractibilamd
830 4424 1274 4494 ltnotat]notat:quoqulA¹
1321 4426 1503 4493 23quuedarn

364 4515 408 4560 est
423 4510 480 4572 rei,
496 4513 580 4559 notat
590 4507 623 4558 M
670 4509 701 4558 24
719 4507 896 4558 artificumA
947 4508 979 4557 ‘26
995 4504 1503 4574 dopocorracticancellacyclopsA
