3488 5108
296 400 356 460 530
739 412 881 457 mamm
901 412 1005 458 savin

295 571 386 636 hanc
405 592 549 657 corpora
567 568 768 656 corporibus
792 568 929 655 integra
952 569 1170 653 inseruntur,
1190 569 1447 654 immiscentur,

296 695 583 782 congrediuntur,
604 695 813 775 consistunt,
844 694 1042 780 cohaerent,
1072 702 1314 782 apponuntur3
1341 702 1376 761 et
1407 695 1447 761 in

295 821 369 887 eius
389 820 578 887 seminibus
598 826 649 886 est
669 819 839 903 efficacia,
860 842 928 906 qua
947 842 1055 885 unum
1075 842 1199 906 eorpus
1224 828 1389 887 eurvatur
1407 822 1448 886 in

296 945 403 1031 aliud,
423 952 457 1011 et
476 968 549 1011 mas
569 945 812 1013 universaliter
829 945 873 1013 ad
888 944 1076 1011 foeminam
1095 952 1130 1010 et
1148 945 1301 1012 foemina
1316 946 1361 1013 ad
1376 970 1449 1013 ma·

252 1069 273 1132 5
296 1095 368 1138 rem
388 1077 422 1137 et
441 1071 553 1137 simile
573 1073 617 1138 ad
636 1073 748 1138 simile
776 1070 1066 1160 percontrahitur.
1096 1071 1155 1136 An
1185 1093 1257 1138 non
1288 1072 1449 1140 videmus

297 1221 338 1263 ea
354 1220 442 1284 quae
458 1204 557 1264 tanto
574 1198 707 1285 impetu
723 1220 867 1285 corpora
883 1197 1032 1263 invicem
1044 1203 1228 1285 penetrare
1240 1198 1295 1265 vel
1310 1199 1449 1266 ebibere

297 1329 333 1388 et
350 1327 425 1387 tota
443 1322 481 1387 in
500 1328 614 1388 totum
643 1346 679 1389 se
707 1323 943 1389 transmittere
967 1323 1230 1410 concupiscunt,
1250 1323 1316 1391 hoc
1334 1332 1448 1390 totum

298 1471 339 1512 ex
369 1447 500 1513 virtute
531 1448 651 1534 exigui
680 1447 833 1514 humoris
864 1447 1084 1532 contrahere,
1117 1450 1177 1535 qni
1208 1449 1269 1516 ubi
1296 1450 1450 1537 primum

298 1571 406 1638 fuerit
436 1573 594 1656 emissus,
625 1573 726 1639 ardor
753 1574 812 1639 ille
843 1582 879 1638 et
907 1575 1056 1661 impetus
1086 1575 1145 1641 ille
1177 1575 1396 1661 extinguitur
1414 1584 1450 1641 et

238 1700 280 1763 10
302 1719 411 1782 usque
439 1697 483 1763 ad
513 1698 596 1764 novi
625 1698 779 1764 humoris
809 1698 1098 1765 instaurationem
1129 1723 1189 1766 seu
1221 1701 1450 1767 accessionem

301 1844 372 1888 non
401 1823 573 1909 resurgit?
601 1824 695 1889 Hine
718 1847 760 1889 ex
783 1824 854 1891 illis
878 1824 1183 1892 commixtionibus
1207 1825 1347 1892 seminis
1372 1847 1451 1892 oum

301 1946 444 2030 semine,
465 1949 676 2015 excrementi
700 1973 778 2016 eum
802 1958 1038 2035 excrementO,
1062 1950 1173 2038 partis
1195 1973 1273 2017 eum
1291 1958 1391 2038 parte
1417 1958 1453 2018 et

302 2072 448 2139 diversis
466 2073 774 2162 heterogeneorum
794 2076 1111 2143 combinationibus
1130 2076 1372 2165 potentissima
1391 2077 1454 2144 illa

303 2199 502 2286 pharmaca,
526 2202 531 2288 Ι
555 2202 719 2287 benefica,
740 2203 989 2285 efficacissima,
1011 2202 1102 2268 unde
1127 2209 1163 2268 et
1186 2202 1360 2268 medicina
1378 2207 1454 2269 tota
1480 2194 1580 2257 45‘

241 2339 281 2402 15
304 2326 458 2411 practica
475 2333 509 2391 et
522 2326 673 2393 maxima
689 2328 824 2415 magiae
836 2351 917 2415 pars
932 2334 1099 2415 tanquam
1111 2327 1261 2416 propriis
1273 2327 1453 2394 elementis

307 2456 359 2515 est
378 2449 537 2516 conflata.

776 2713 833 2778 De
868 2720 986 2778 terra.

383 2964 490 3027 Terra
503 2969 554 3026 est
568 2962 776 3025 elementum
787 2959 1042 3042 solidissimum,
1052 2957 1354 3044 simplicissimum,
1364 2956 1458 3022 uuile

309 3088 519 3154 soliditatem
540 3087 666 3151 habere
690 3108 832 3172 corpora
861 3084 1089 3150 communiter
1117 3082 1369 3148 existimantur.
1388 3082 1457 3148 Hic

244 3221 288 3284 ‘20
311 3238 381 3280 non
401 3213 589 3299 accipimus
608 3219 737 3276 terram
756 3235 819 3297 pro
837 3211 901 3275 hoe
920 3211 1024 3297 globo
1045 3208 1200 3290 animali,
1220 3208 1311 3273 unde
1330 3209 1456 3292 vitam,

209 3365 212 3373 ¹
310 3338 563 3413 nutrimentum
583 3342 617 3402 et
637 3359 761 3424 eorpus
780 3337 876 3402 nacti
895 3358 1025 3418 sumus,
1048 3357 1151 3420 quam
1172 3355 1279 3399 unum
1296 3356 1338 3397 ex
1354 3333 1459 3398 astris

313 3471 417 3548 atque
436 3464 610 3549 planetam
632 3463 859 3548 intelligimus
879 3462 1038 3548 partibus
1058 3460 1248 3525 consistens
1264 3458 1459 3546 proportio·

312 3589 450 3654 nalibus
468 3588 626 3675 partibus
646 3588 801 3654 omnium
825 3587 1036 3653 animalium.
1057 3586 1170 3651 Huius
1189 3585 1460 3672 participatione

313 3722 348 3779 et
368 3714 494 3779 unione
513 3713 630 3778 omnia
649 3714 789 3796 vivunt,
810 3714 847 3778 in
868 3713 964 3778 euius
994 3720 1108 3799 partes
1139 3712 1255 3778 omnia
1286 3711 1464 3777 resolvun-

247 3855 291 3917 25
315 3848 387 3920 tur,
407 3841 498 3905 unde
518 3846 628 3905 mater
646 3863 760 3905 rerum
785 3840 908 3905 merito
928 3838 1140 3925 appellatur,
1171 3844 1205 3903 et
1232 3860 1304 3902 non
1333 3836 1462 3902 minori

316 3966 450 4031 ratione
470 3965 545 4052 ipsa
564 3964 655 4030 vivit
675 3987 778 4050 qumn
798 3966 866 4030 alia
884 3989 946 4052 per
969 3965 1080 4052 ipsam
1099 3972 1134 4027 et
1159 3964 1197 4027 in
1222 3963 1297 4050 ipsa
1318 3962 1461 4044 vivant,

317 4091 461 4175 ideoque
492 4097 638 4155 matrem
665 4092 830 4175 Deorum,
860 4091 1037 4177 Cybelum,
1059 4090 1216 4154 Cererem
1236 4098 1270 4153 et
1289 4088 1464 4175 plerisque

410 4403 425 4450 «l
442 4402 595 4451 faeminam
610 4407 639 4451 et
651 4402 775 4451 faemina
788 4401 820 4450 11
880 4401 983 4463 5sorrc
1001 4400 1178 4465 pertrahitur
1242 4401 1270 4449 ll
1289 4398 1464 4449 commistio·

320 4484 405 4533 uibus
418 4483 448 4535 M
513 4484 543 4532 15
560 4483 687 4548 practica
703 4480 732 4531 ia
745 4497 831 4549 morp.
847 4480 890 4543 11,
906 4498 952 4530 coa
968 4481 1100 4531 richiomo
