3488 5108
447 424 506 487 700
654 432 796 485 roncum
816 439 919 484 eevnr
939 438 985 482 nn
1007 437 1156 483 vmevms
1175 436 1211 483 nu
1232 436 1375 483 sennen.

446 595 588 663 humilis
607 602 642 661 et
659 595 868 662 honorificus
874 618 882 678 ;
898 616 954 661 eos
970 593 1064 660 enim
1084 600 1178 659 amat
1197 594 1374 681 superbus,
1394 616 1416 659 a
1435 613 1512 679 quo
1534 610 1614 656 ma-

448 721 585 809 gnifieri
605 745 641 789 se
660 722 769 807 videt,
788 728 957 809 tantoque
976 722 1088 810 megia
1113 728 1283 810 quantoe
1308 720 1457 805 maiora;
1485 716 1612 785 maius

403 904 412 919 .
448 850 578 937 quippe
605 856 657 915 est
680 872 710 932 a
737 848 874 936 magnis
902 872 1006 934 quam
1034 871 1055 914 e
1077 847 1197 935 parvis
1221 847 1430 935 magnifieri,
1457 845 1535 913 imo
1570 848 1612 909 et

448 976 491 1040 ab
519 974 595 1041 istis
626 974 802 1041 aestimari
836 980 1054 1040 contemnere
1087 974 1194 1040 etiam
1226 973 1373 1040 solemus
1403 970 1609 1038 interdum.

403 1110 425 1174 5
448 1100 612 1166 Vincieus
632 1099 878 1186 circumspecte
897 1099 1044 1186 speciem
1064 1122 1132 1187 qua
1151 1099 1319 1185 superbus
1338 1096 1500 1185 superbit
1525 1104 1610 1161 tue·

448 1236 514 1291 tur.
542 1226 615 1292 Alii
644 1226 751 1309 enim,
781 1225 818 1291 id
848 1234 900 1292 est
928 1226 1072 1309 milites,
1100 1227 1138 1292 in
1166 1226 1290 1292 robore
1318 1232 1354 1291 et
1382 1223 1608 1291 strenuitate

448 1355 600 1442 eorporis
618 1356 748 1443 primas
766 1356 893 1421 habere
920 1356 1059 1435 volunt;
1089 1355 1166 1420 ideo
1196 1355 1226 1419 si
1252 1353 1382 1441 primas
1410 1351 1541 1418 iisdem
1562 1350 1606 1415 in

447 1502 561 1547 rerum
584 1483 741 1568 potentia
764 1490 800 1546 et
829 1481 1019 1567 sagacitate
1047 1502 1118 1546 non
1148 1479 1318 1561 tribuant,
1342 1477 1444 1544 facile
1465 1476 1604 1542 ferunt.

448 1607 516 1685 Qui
534 1628 615 1673 vero
635 1607 677 1672 de
696 1630 811 1673 rerum
831 1607 1028 1693 cognitione
1050 1605 1246 1692 gloriantur
1263 1602 1477 1692 philosophi,
1498 1602 1606 1668 facil·

384 1733 425 1796 10
446 1732 529 1799 lime
562 1733 680 1800 ferunt
713 1736 743 1800 si
775 1735 924 1823 pectoris
948 1757 1010 1822 pro
1033 1734 1240 1800 strenuitate
1269 1756 1341 1800 non
1371 1731 1604 1818 magnifiant.

447 1858 543 1925 Idem
562 1860 729 1926 iudicium
748 1868 800 1926 est
819 1884 881 1948 pro
902 1860 1047 1927 aliorum
1066 1859 1254 1926 iniectione
1272 1858 1501 1926 vinculorum.

821 2100 969 2141 vinculorum
984 2101 1066 2149 graue.
1083 2100 1132 2140 Art.
1149 2100 1222 2140 xxn.
1351 2108 1356 2117 ·
1630 2086 1721 2150 98²

538 2284 773 2350 Gratitudinis
812 2286 959 2373 speciem
995 2286 1235 2372 concupiscere
1269 2284 1404 2350 faciunt
1437 2282 1601 2349 vincula.

449 2410 569 2475 Oritur
588 2411 716 2497 quippe
731 2418 783 2492 (ut
795 2410 832 2475 in
847 2432 916 2476 uno
932 2411 1149 2477 vinculorum
1165 2433 1291 2497 genere
1306 2410 1483 2492 inducam)
1501 2409 1603 2475 inter

385 2541 604 2605 manantes
632 2536 783 2620 querela,
804 2535 864 2600 ubi
883 2543 1003 2601 mutuo
1034 2537 1181 2601 alterum
1210 2534 1311 2601 alteri
1341 2534 1465 2600 debere
1495 2557 1601 2621 prae-

449 2668 607 2741 sumunt;
639 2659 771 2725 iudicat
800 2682 920 2727 amans
944 2661 1099 2727 debitum
1122 2669 1270 2745 amatae,
1303 2667 1343 2727 ut
1361 2660 1515 2725 animam
1539 2658 1601 2725 illi

449 2785 601 2850 ablatam
616 2784 793 2869 restituat,
810 2785 871 2851 ubi
887 2786 925 2851 in
941 2786 1081 2873 proprio
1097 2808 1239 2873 corpore
1255 2793 1411 2852 mortuus
1423 2785 1460 2849 iu
1475 2784 1598 2850 alieno

449 2909 555 2992 vivit3
587 2909 616 2974 si
640 2933 759 2975 amaus
788 2916 924 2976 amatae
954 2911 1068 2977 miuus
1101 2911 1292 2995 blanditur,
1318 2910 1475 2996 queritur
1506 2908 1599 2975 hacc

450 3035 549 3121 (prasi
572 3058 646 3101 euin
676 3034 735 3100 ille
755 3043 851 3101 curet
871 3036 1002 3119 miuus;
1024 3036 1180 3124 queritur
1207 3059 1327 3102 amans
1357 3058 1476 3101 versus
1500 3056 1601 3100 ama·

382 3165 426 3228 20
448 3168 536 3245 tam,
557 3160 586 3226 si
613 3183 630 3219 s
657 3184 675 3221 s
702 3183 719 3219 s

544 3462 574 3510 12
591 3462 686 3521 XXII]
702 3461 1015 3526 eicu130s'.ap.698,24
1079 3465 1109 3511 16
1126 3463 1247 3526 iudicet,
1260 3462 1371 3513 recondo
1384 3461 1406 3511 il
1419 3461 1534 3527 Norqff,
1551 3462 1597 3512 M:

451 3536 612 3592 iudicuth
677 3561 693 3590 c
708 3561 724 3590 s
740 3562 755 3591 s
771 3562 786 3591 s
802 3560 901 3594 amans
913 3544 955 3592 ΜΙ
1019 3545 1050 3596 20
1063 3544 1185 3594 abbiamo
1199 3545 1325 3609 apqiunto
1339 3542 1350 3594 i
1363 3541 1436 3608 requi
1448 3542 1478 3591 ‹u'
1493 3542 1601 3591 ἱατιιπο
