3488 5108
410 422 471 481 600
852 436 992 511 rossem
1012 435 1115 481 samu

410 592 664 659 dissolvendam
684 616 744 659 seu
762 591 952 659 tollendam
970 591 1099 658 sufficit
1117 592 1247 658 ablatio
1275 615 1337 659 seu
1371 589 1582 657 destructio

409 720 512 784 unius
538 719 672 806 primae
703 718 898 805 qualitatis,
926 718 1206 804 quandoquidem
1236 741 1315 784 cum
1338 716 1407 784 illa
1428 718 1483 784 sit
1513 715 1582 782 uni

409 846 578 910 elemento
604 845 759 932 propria,
790 866 852 932 per
875 845 1009 930 reliqua
1040 842 1210 911 elementa
1232 866 1304 910 non
1321 844 1577 927 instauratur,

411 968 688 1055 quandoquidem
718 969 781 1034 uni
811 992 929 1034 eorum
959 991 1031 1035 non
1060 977 1112 1035 est
1141 992 1296 1056 unquam
1315 968 1576 1058 appropriata,

366 1105 387 1167 5
410 1096 478 1161 nisi
498 1095 665 1161 consistat
681 1101 716 1159 et
730 1101 855 1181 regnet
873 1094 961 1161 illud
980 1095 1077 1161 cuius
1096 1104 1150 1161 est
1170 1095 1362 1182 proprium.
1384 1095 1489 1181 Ergo
1506 1092 1579 1160 ele-

410 1227 526 1286 menta
564 1221 693 1307 absque
736 1219 856 1304 aliqua
897 1219 1117 1287 ordinatione
1158 1220 1418 1302 miscebuntur,
1467 1218 1576 1285 cuius

411 1345 589 1411 mixtionis
622 1353 657 1411 θῖ
690 1343 961 1411 inordinationis
994 1367 1097 1411 causa
1129 1352 1181 1410 est
1213 1344 1405 1411 destructio
1443 1344 1573 1430 quarti

410 1471 538 1558 gradus
558 1471 618 1557 qui
637 1471 700 1536 sub
722 1494 757 1537 se
777 1470 863 1537 alios
882 1472 1010 1558 gradus
1033 1471 1189 1557 tenebat,
1215 1478 1250 1537 et
1273 1471 1324 1537 ita
1346 1472 1430 1537 finis
1463 1471 1576 1537 istius

411 1598 479 1663 fert
497 1621 613 1663 secum
632 1597 771 1663 illorum
791 1597 903 1664 finem.

348 1783 389 1847 10
501 1782 630 1853 Quarti
653 1780 797 1857 gradus.
817 1778 903 1840 Sicut
916 1788 1042 1855 quartus
1056 1780 1171 1856 gradus
1188 1781 1285 1859 ipsius
1303 1781 1495 1858 frigiditatis
1517 1789 1573 1842 est

411 1890 439 1948 D
458 1912 511 1950 seu
528 1891 572 1968 H,
591 1889 702 1949 tertius
719 1889 834 1966 gradus
852 1896 901 1948 est
918 1889 942 1947 O
960 1909 1015 1949 seu
1036 1889 1077 1966 G,
1101 1898 1133 1949 ct
1151 1890 1232 1951 inter
1247 1891 1349 1970 ipsum
1367 1902 1400 1951 θῖ
1416 1901 1572 1968 quartum

411 1998 526 2057 mediat
554 1998 624 2072 GD3
642 1996 794 2058 secundus
822 1997 937 2073 gradus
961 2007 1010 2058 est
1036 1998 1106 2075 Aa,
1128 2008 1160 2058 et
1184 1999 1390 2079 interipsum
1414 2008 1449 2061 et
1475 2021 1573 2076 quar·

411 2118 474 2166 tum
492 2106 607 2167 mediat
624 2107 701 2181 HA;
720 2106 836 2183 primus
853 2105 968 2180 gradus
985 2113 1034 2165 est
1050 2106 1077 2165 B
1096 2126 1150 2167 seu
1166 2107 1205 2184 F,
1224 2110 1295 2184 quia
1311 2108 1396 2168 calor
1413 2107 1519 2187 ipsius
1538 2109 1570 2168 B

412 2236 473 2276 non
490 2224 538 2275 est
556 2215 676 2274 omnino
695 2215 833 2275 intensus
848 2235 904 2275 seu
921 2215 1070 2291 infinitus,
1087 2216 1142 2276 sed
1157 2215 1274 2289 finitus,
1293 2263 1416 2278 .........
1437 2225 1490 2278 est
1507 2239 1571 2297 per

347 2327 387 2390 15
412 2323 675 2404 participationem
693 2324 849 2399 contrarii3
872 2331 904 2383 et
920 2323 990 2384 ideo
1007 2324 1118 2384 dicitur
1139 2325 1169 2384 in
1190 2345 1227 2385 eo
1249 2327 1419 2388 consistere
1440 2327 1569 2405 primus

411 2431 525 2508 gradus
551 2430 703 2490 contrarii.
730 2429 780 2489 Ita
807 2429 1000 2490 iudicandum
1022 2438 1070 2490 est
1090 2450 1184 2509 supra
1204 2442 1314 2507 quarto
1336 2432 1449 2509 gradu,
1476 2433 1568 2508 quod

412 2548 460 2598 est
476 2541 517 2616 A,
536 2538 618 2613 quod
634 2547 682 2596 est
695 2537 737 2613 B,
754 2556 828 2612 ergo
844 2545 892 2597 est
909 2537 941 2597 Ο.
958 2538 1067 2614 Itaque
1080 2538 1264 2615 intelligitur
1278 2538 1429 2615 quomodo
1444 2549 1565 2617 quarto

411 2649 513 2708 ablato
531 2647 628 2725 gradu
645 2647 756 2722 reliqui
773 2647 888 2723 gradus
905 2646 1096 2724 auferuntur,
1112 2648 1183 2724 quia
1200 2649 1227 2709 si
1244 2649 1400 2727 frigiditas
1417 2670 1479 2710 non
1499 2651 1568 2711 erit

412 2756 441 2815 iu
459 2754 560 2814 media
577 2763 679 2830 nocte,
699 2773 852 2828 nunquam
870 2754 1001 2831 amplius
1019 2754 1086 2814 erit.

345 2987 389 3051 20
522 2968 609 3033 Cum
639 2990 718 3032 vero
736 2967 796 3031 OG
817 2968 908 3053 (frig.
941 2976 975 3032 et
1006 2968 1077 3048 sic.)
1110 2974 1252 3032 causent
1276 2976 1420 3034 mortem
1440 2977 1477 3035 et
1495 2971 1569 3036 ΑΕ

411 3096 487 3171 (eal.
507 3103 541 3158 et
560 3093 631 3173 hu.)
648 3092 771 3175 vitam,
793 3115 884 3157 mors
904 3100 938 3157 et
957 3092 1063 3157 febris
1080 3093 1183 3157 simul
1203 3093 1413 3158 conveniant
1427 3095 1508 3159 etO
1530 3097 1567 3160 G

411 3221 604 3286 consistant
623 3219 659 3282 in
683 3218 919 3304 praotlominio
944 3217 1203 3299 melancholiae;
1226 3220 1385 3284 consistit
1405 3220 1500 3285 enim
1523 3222 1568 3286 in

411 3348 588 3415 occidente
608 3346 643 3410 in
664 3345 763 3411 domo
789 3352 914 3426 terrae3
943 3352 978 3408 et
997 3344 1104 3409 febris
1123 3345 1301 3430 pertinens
1323 3346 1367 3411 ad
1387 3346 1479 3411 hanc
1499 3347 1567 3413 do-

412 3498 505 3540 mum
525 3480 577 3539 ost
595 3471 818 3558 periculosior
837 3471 997 3535 omuibus
1016 3470 1103 3534 aliis.
1128 3471 1222 3535 Talis
1247 3479 1298 3535 est
1329 3470 1437 3535 febris
1458 3495 1571 3557 quar-

344 3613 387 3677 25
410 3610 508 3685 tana,
531 3621 617 3684 quae
637 3597 678 3663 de
698 3602 820 3681 quarto
842 3595 987 3660 indiam
1012 3602 1173 3679 quartum
1193 3596 1383 3681 patientem
1407 3597 1566 3664 invadit.

523 3725 577 3809 [ln
591 3723 691 3788 domo
709 3722 768 3787 OG
791 3721 918 3808 gradus
939 3728 1081 3806 quartus
1097 3721 1242 3806 simplex
1260 3721 1429 3786 naturalis
1445 3721 1565 3808 ipsius

412 3855 438 3918 O
468 3850 705 3917 disordinatur
741 3855 881 3935 proptor
901 3846 1184 3933 superfluentiam
1210 3847 1317 3912 trium
1347 3854 1565 3934 punctorum

506 4102 520 4151 7
544 4098 687 4151 mistionis
707 4097 740 4147 M
809 4097 845 4146 10.
862 4098 893 4144 itt
918 4093 947 4144 ia
965 4109 1051 4159 story.
1077 4096 1139 4156 (con
1163 4092 1289 4143 rimando
1309 4093 1346 4143 dc
1367 4112 1390 4143 o.
1413 4096 1429 4142 7
1450 4098 1506 4162 sq.)
1530 4097 1567 4147 M

412 4188 441 4235 ll
457 4182 576 4250 ClsM¹
624 4178 778 4245 G]G,11¹¹-²
792 4175 950 4242 graduali¹
1000 4174 1369 4237 1211¹¹⁵s-x-sg1·adust1¹
1418 4176 1449 4224 13
1462 4183 1508 4225 est
1523 4179 1561 4237 B]

413 4262 564 4316 estasim
614 4262 643 4311 14
658 4295 767 4309 ........
770 4255 1026 4322 iqfiniendoittl
1066 4254 1359 4305 ltseucoutrariill!¹
1406 4255 1435 4303 16
1449 4256 1559 4320 susak

407 4349 483 4412 forse
492 4359 577 4410 super
624 4341 715 4391 soem
729 4340 793 4404 frig.
807 4345 836 4388 et
845 4338 894 4386 sic.
905 4354 918 4385 o
929 4337 981 4384 cal.
993 4343 1021 4385 et
1031 4336 1080 4385 hu.
1092 4336 1154 4385 παῖζ’
1164 4335 1349 4384 interlineali
1394 4338 1481 4385 alass
1490 4355 1562 4390 con.

413 4430 531 4479 venient
547 4442 559 4473 e
578 4423 718 4473 consistat
735 4420 768 4470 M
773 4437 779 4485 ;
795 4435 848 4483 por
865 4418 894 4468 X
908 4435 932 4468 c.
947 4435 964 4465 a
977 4434 1008 4480 p.
1028 4418 1088 4477 597,
1102 4419 1134 4464 18
1196 4419 1235 4466 26.
1251 4434 1276 4482 p.
1292 4419 1349 4478 tul,
1366 4420 1397 4468 10
1410 4418 1563 4471 cancellato

413 4510 443 4562 in
456 4509 487 4559 il!
499 4524 525 4570 o,
541 4521 609 4556 conia
619 4501 737 4562 sembra,
752 4500 782 4550 ia
792 4500 822 4549 X
