3488 5108
726 377 867 424 loansul
888 377 990 421 Buvnt

376 532 440 598 IX.
465 533 549 598 Eius
568 532 668 598 nulla
687 531 815 598 dicitur
838 532 928 616 idea,
953 554 1031 597 oum
1048 532 1190 620 (quippe
1214 529 1348 596 entium
1372 552 1431 595 seu

288 659 478 746 specierum
496 658 593 724 ideas
610 658 693 741 sint)
710 659 784 745 ipsa
797 658 838 723 de
850 658 945 745 prole
957 656 1067 744 ipsius
1085 656 1208 739 Chaos,
1222 660 1262 720 ut
1273 653 1432 721 informis

289 789 353 867 est,
373 783 423 848 ita
442 790 477 849 et
497 783 610 849 ideam
629 804 700 849 non
720 783 838 867 habet,
859 805 971 870 neque
989 782 1082 870 apud
1100 803 1163 847 nos
1182 786 1334 847 statuam
1354 801 1433 846 eon·

289 917 484 995 sequentem
506 909 511 996 Ι
532 930 602 974 non
621 914 804 996 propterea
823 913 952 992 tamen,
977 915 1017 973 ut
1041 907 1154 974 visum
1177 912 1241 989 est,
1267 904 1432 993 simplici·
1455 909 1562 972 110²

246 1031 266 1095 5
293 1042 346 1100 ter
364 1055 435 1099 non
455 1055 515 1099 ens
535 1040 586 1099 est
604 1032 798 1099 iudicanda.

404 1159 469 1224 XI.
495 1160 558 1224 Est
569 1158 721 1246 primum
735 1182 776 1224 ex
789 1180 857 1245 quo
870 1157 1001 1245 aliquid
1016 1159 1066 1225 fit.
1079 1159 1188 1224 Inane
1200 1156 1339 1222 enimet
1353 1155 1434 1222 Oroi

291 1283 441 1350 aviditas
465 1282 629 1374 etiam(si)
652 1283 688 1348 in
713 1283 873 1349 omnibus
896 1283 1095 1371 compositis
1124 1281 1336 1366 inveniatur,
1365 1303 1436 1347 non

291 1416 373 1475 sunt
393 1415 509 1474 tamen
528 1431 608 1476 vere
628 1431 669 1474 ex
688 1397 814 1496 quibus
835 1409 929 1475 entia
949 1414 1043 1491 sunt,
1060 1407 1121 1474 sed
1135 1407 1252 1495 potius
1268 1429 1347 1472 cum
1363 1407 1437 1494 qui·

291 1533 369 1614 bus3
390 1556 461 1599 non
480 1534 573 1599 enim
592 1535 746 1621 partium
766 1535 935 1600 rationem
954 1533 1096 1618 habent,
1116 1539 1279 1620 utsupra
1303 1531 1435 1598 (lictum

228 1663 270 1726 10
292 1665 357 1742 est,
382 1659 439 1724 sed
464 1658 623 1746 partibus
651 1660 851 1726 inseruntur
878 1666 913 1724 et
936 1659 1098 1725 universa
1126 1657 1317 1745 composita
1346 1679 1436 1724 com-

294 1783 505 1872 plectuntur.

381 1909 463 1975 XII.
480 1910 544 1975 Est
560 1909 598 1974 in
614 1909 706 1995 quod
721 1909 845 1975 ultima
861 1908 1138 1997 corruptibilium
1157 1908 1313 1975 omnium
1328 1907 1368 1973 fit
1387 1930 1438 1973 re·

293 2033 432 2116 solutio;
457 2035 728 2120 quotiescunque
747 2035 841 2099 enim
859 2035 901 2100 de
925 2034 1036 2121 specie
1056 2033 1255 2121 inspeciem
1278 2032 1438 2099 transmi-

292 2159 406 2244 gratio
422 2158 477 2244 fit,
502 2169 541 2225 ut
565 2183 642 2227 cum
661 2183 703 2225 ex
722 2160 822 2254 chyio
840 2161 881 2226 fit
899 2160 1053 2247 sanguis,
1074 2159 1124 2226 ita
1139 2159 1302 2225 obiicitur
1326 2161 1438 2224 forma

230 2294 271 2359 lb
294 2285 402 2372 chyli,
416 2293 455 2352 ut
471 2287 616 2351 materis
627 2308 768 2373 prorsus
781 2287 825 2351 ab
837 2287 913 2373 ipsa
924 2286 1098 2351 denudata
1115 2286 1302 2351 secundum
1319 2307 1437 2352 omnes

296 2411 510 2478 conditiones
530 2419 564 2476 ot
588 2412 864 2477 circumstantias
882 2411 1030 2477 sormam
1049 2411 1171 2477 subeat
1193 2411 1387 2496 sanguinis,
1403 2417 1438 2476 et

294 2560 434 2626 prorsus
453 2537 555 2604 huius
578 2537 713 2604 abiecta
731 2537 843 2603 forma
862 2543 896 2602 et
915 2537 1076 2621 essentia,
1096 2536 1189 2602 nuda
1208 2537 1348 2624 penitus
1371 2537 1440 2602 for-

296 2686 388 2729 mam
407 2662 522 2729 induit
551 2663 760 2751 embryonis.
784 2663 903 2749 Neque
931 2663 1072 2747 etenim,
1096 2669 1136 2728 ut
1160 2663 1306 2729 crassius
1329 2661 1440 2751 philo-

297 2790 483 2876 sophantes
499 2797 695 2873 autumant,
713 2786 850 2874 quando
870 2811 911 2853 ex
929 2787 1068 2854 homine
1087 2786 1126 2852 fit
1146 2787 1307 2870 cadaver,
1327 2796 1361 2853 et
1376 2811 1439 2875 per

230 2926 275 2989 20
298 2937 508 3000 consequens
532 2914 572 2978 fit
595 2914 842 2980 transmutatio
861 2936 903 2979 ex
921 2914 1034 3001 specie
1056 2913 1094 2978 in
1117 2914 1280 3001 speciem,
1304 2936 1376 2980 non
1399 2914 1440 2980 fit

297 3040 461 3106 resolutio
480 3040 517 3104 in
537 3041 717 3105 materiam
736 3039 902 3127 primam,
927 3039 985 3104 sed
1008 3038 1127 3104 eadem
1151 3039 1303 3126 corporis
1326 3041 1440 3107 forma

297 3173 497 3231 remanente
522 3172 556 3230 et
583 3165 779 3249 quantitate
802 3164 954 3230 succedit
977 3187 1049 3229 esse
1072 3163 1217 3230 cadaver
1237 3187 1340 3252 super
1363 3165 1440 3231 sub-

298 3292 463 3358 stantiam
481 3290 654 3356 materiae.
679 3291 749 3356 Nos
774 3300 888 3356 autem
913 3292 1140 3377 intelligimus
1164 3292 1253 3358 hanc
1277 3294 1438 3359 mutatio-

297 3440 376 3483 nem
400 3440 459 3482 seu
489 3416 757 3502 corruptionem,
785 3417 867 3482 licet
889 3417 928 3481 in
950 3417 1097 3483 instanti
1120 3418 1195 3501 fiat,
1220 3419 1257 3483 in
1280 3419 1440 3484 ultimam

232 3557 276 3620 25
298 3543 494 3629 nudamque
507 3541 688 3607 materiam
701 3542 775 3607 fieri
789 3543 965 3628 [dicirnrrs],
978 3549 1144 3628 tanquam
1155 3543 1296 3609 omnino
1307 3567 1327 3608 a
1342 3566 1442 3631 prae-

299 3668 434 3733 cedenti
451 3667 562 3755 specie
586 3675 621 3731 et
640 3667 820 3734 individuo
842 3668 1015 3733 denudata
1038 3668 1075 3732 in
1099 3668 1364 3754 subsequentem
1389 3669 1441 3734 in·

302 3791 437 3859 dividui
457 3793 620 3880 speciem;
641 3791 758 3877 itaque
777 3793 939 3858 resolutio
958 3814 1029 3858 non
1053 3794 1162 3880 exigit
1186 3793 1351 3859 materiae
1374 3794 1443 3859 axi-

393 4108 405 4156 l
423 4107 447 4156 le
456 4106 594 4171 parentesi
605 4123 667 4156 sono
680 4104 805 4172 appircnte
821 4106 856 4155 cta
869 4107 901 4156 M
960 4107 976 4155 3
992 4108 1067 4171 apud
1084 4111 1209 4157 statuam
1228 4122 1280 4156 nos
1299 4105 1358 4171 (sic)
1377 4123 1443 4158 con·

300 4190 454 4252 sequenter
466 4186 503 4237 A:
517 4186 592 4251 apud
604 4202 655 4236 nos
669 4195 880 4252 consequenter
893 4191 1018 4238 statuam
1030 4188 1063 4237 M
1123 4189 1139 4237 6
1155 4187 1218 4255 ΧΙ.]
1235 4204 1331 4237 oroneo
1344 4188 1361 4237 l’
1372 4187 1441 4238 orti·

300 4268 356 4318 colo
373 4267 402 4317 X
416 4265 446 4316 ia
462 4267 502 4327 A,·
520 4267 554 4316 M
567 4265 711 4317 restituisse
728 4267 774 4331 qui
791 4267 817 4317 X
831 4284 883 4331 per
899 4268 943 4317 XI
959 4284 971 4316 e
988 4267 1116 4318 continuo
1126 4268 1315 4318 torniamento
1327 4285 1375 4318 oon
1387 4285 1442 4317 una

300 4346 414 4398 uniendi
426 4363 498 4397 tireno
508 4344 786 4410 rispettoallaaostru
795 4349 981 4398 nrrrucrozionc
993 4352 1045 4413 (nra
1054 4350 1088 4412 cf.
1099 4366 1117 4398 a
1122 4366 1153 4414 p.
1167 4351 1211 4410 32,
1225 4350 1252 4412 2)
1319 4351 1333 4399 7
1346 4349 1442 4400 ctiam·

302 4427 327 4477 si
340 4428 372 4477 M
376 4445 381 4477 :
396 4429 481 4478 stiam
494 4430 517 4477 A
581 4428 612 4478 st
630 4426 750 4478 abbiamo
761 4427 905 4479 cancellato
918 4428 1038 4479 dicimus
