3488 5108
730 400 870 447 mabam
890 401 993 449 navat

824 745 900 810 LII.
1458 745 1608 812 88²0

381 1022 511 1086 Eorum
541 1041 629 1106 quae
659 1021 809 1086 alterant
839 1022 1065 1109 cogitativam
1094 1047 1153 1090 sau
1173 1032 1329 1110 movent,
1360 1026 1433 1093 alia

293 1154 374 1212 sunt
404 1145 576 1233 principia
603 1169 689 1233 pure
707 1147 867 1233 physica,
896 1149 965 1214 alia
994 1171 1076 1215 vero
1106 1158 1187 1215 suut
1211 1151 1378 1238 positiva;
1397 1157 1432 1216 et

291 1272 441 1339 secunda
459 1294 530 1337 uon
549 1278 630 1336 sunt
649 1271 792 1339 minoris
812 1272 995 1358 efficaciae,
1012 1297 1115 1360 quam
1131 1276 1252 1361 prima.

246 1495 266 1557 b
379 1501 505 1580 Species
533 1502 612 1560 enirn
640 1501 823 1560 innovantur
846 1501 877 1559 in
909 1503 1008 1561 anima
1033 1521 1087 1561 seu
1116 1503 1238 1562 noviter
1267 1503 1430 1581 accedunt,

293 1610 444 1687 quaedam
461 1611 500 1669 ab
521 1609 710 1670 extrinsecus
728 1609 856 1669 obiectis
872 1609 1070 1685 regulariter,
1089 1610 1237 1685 quaedam
1255 1631 1293 1672 ex
1309 1621 1429 1690 pertur-

288 1717 411 1777 batione
440 1717 619 1795 phantasiae
647 1717 712 1776 siue
739 1723 822 1792 arte,
857 1724 888 1775 et
914 1717 1020 1776 harum
1047 1717 1211 1795 praecipua
1239 1763 1426 1779 .............

289 1825 406 1884 semina
426 1824 646 1902 cogitationum
673 1844 727 1884 ssu
749 1824 912 1885 affectuum
936 1823 1120 1901 formaliter,
1138 1825 1338 1885 materialiter
1355 1845 1428 1886 vero

289 1942 373 1989 certa
388 1933 644 1991 nutrimentorum
661 1951 782 2008 genera.
802 1930 891 1991 Unde
909 1930 999 1991 facile
1017 1940 1065 1990 est
1084 1929 1264 1990 concludere
1278 1931 1428 1990 rationem

224 2040 267 2104 lO
289 2041 493 2099 universalem
515 2061 568 2100 seu
590 2050 686 2099 artem
703 2052 854 2100 certorum
871 2038 1088 2097 insomniorum
1107 2039 1110 2119 l
1131 2038 1377 2098 concitandorum
1396 2046 1427 2099 et
1453 2033 1548 2096 38¹⁸
1562 2036 1620 2096 M

289 2145 511 2222 quodammodo
528 2147 728 2206 artificialiter
755 2146 793 2206 ad
811 2146 930 2205 libitum
948 2145 1158 2224 disponendae
1180 2147 1377 2222 cogitativae,
1397 2156 1429 2206 et

288 2252 413 2312 tandem
440 2253 558 2312 animae
585 2252 782 2312 medicandae
813 2254 863 2313 vel
889 2252 1118 2313 maleficiaudae
1136 2253 1280 2330 (animam
1307 2252 1427 2327 inquam

288 2361 387 2437 ipsum
416 2368 513 2419 totum
540 2371 666 2438 propter
694 2360 825 2418 animam
855 2381 909 2420 seu
939 2369 1066 2438 propter
1092 2360 1211 2419 animae
1240 2359 1427 2438 facultates).

287 2467 465 2526 Praeticant
486 2466 728 2527 honorationem
749 2468 1005 2544 contemplatores
1030 2476 1061 2527 et
1078 2467 1283 2545 apocalyptici
1304 2465 1428 2542 quidam

224 2576 263 2638 15
287 2582 319 2632 et
337 2574 412 2633 artis
434 2576 571 2633 notoriae
591 2582 621 2633 et
639 2575 836 2653 propheticae
858 2575 1050 2652 professores
1073 2584 1104 2634 et
1122 2575 1259 2651 theurgi,
1275 2573 1325 2650 qui
1343 2581 1428 2633 certa

286 2683 388 2741 victus
403 2681 520 2740 ratione
538 2690 569 2740 et
585 2682 678 2740 certis
696 2682 944 2742 meditationibus
962 2681 1096 2760 praeviis
1111 2683 1241 2741 animum
1256 2681 1425 2740 aduertam

287 2790 411 2865 pietatis
438 2808 534 2865 genus
563 2789 743 2867 disponunt,
771 2799 952 2866 promovent
980 2797 1011 2849 et
1038 2789 1213 2864 habituant,
1241 2797 1276 2848 ut
1302 2787 1425 2847 tandem

288 2896 462 2956 stultissimi
480 2906 590 2976 putant
606 2917 639 2956 se
657 2896 845 2972 quorundam
862 2898 1046 2973 tragicorum
1063 2898 1218 2956 numinum
1235 2895 1351 2973 perfrui
1368 2896 1427 2953 col·

287 3004 397 3078 loquio,
415 3012 446 3064 et
463 3006 539 3063 mira
556 3006 703 3080 quaedam
720 3005 824 3064 rident
843 3014 873 3065 et
891 3005 1040 3082 referunt,
1059 3005 1134 3064 talia
1151 3015 1252 3063 tamen
1269 3003 1369 3077 qualia
1386 3001 1426 3060 ad

221 3111 264 3174 20
287 3113 449 3171 stultitiam
473 3127 504 3171 et
520 3115 687 3190 pessimum
704 3114 821 3172 manias
842 3133 937 3190 genus
957 3115 1017 3173 sint
1038 3112 1209 3173 referenda.
1227 3112 1268 3169 Et
1285 3110 1425 3168 novimus

284 3218 346 3295 iugi
358 3221 545 3296 experientia
557 3219 690 3280 definitis
703 3221 778 3280 cibis
791 3230 821 3279 et
833 3222 1069 3297 cogitationibus
1082 3231 1112 3280 et
1124 3220 1286 3279 affectibus
1298 3218 1424 3277 definita

283 3328 499 3386 insomniorum
514 3349 627 3403 genera
643 3328 809 3399 conciliari,
825 3330 900 3387 haec
917 3329 1037 3403 quidem
1056 3328 1094 3387 ad
1112 3327 1367 3403 Venerem,haec
1384 3326 1423 3384 ad

283 3435 417 3509 tragicos
435 3445 466 3494 et
485 3436 641 3512 lugubres,
660 3436 735 3494 haec
750 3436 788 3495 ad
803 3436 998 3513 pulchrorum
1017 3437 1260 3513 spectaculorum
1272 3435 1423 3510 intuitum,

284 3563 392 3622 nempe
410 3563 592 3619 camporum,
611 3543 776 3618 hortorum,
789 3544 1011 3619 viridariorum,
1027 3544 1102 3603 haec
1120 3543 1158 3601 ad
1172 3544 1276 3620 maria,
1290 3541 1422 3618 fiumina,

216 3655 259 3716 ‘25
283 3651 358 3710 haec
375 3650 415 3709 ad
437 3652 539 3728 ignes,
558 3651 679 3727 stellas,
698 3652 789 3729 soles,
808 3652 883 3710 haec
900 3652 939 3709 ad
957 3661 1083 3728 ventos,
1113 3660 1328 3730 tempestates,
1347 3650 1424 3711 hacc

283 3758 321 3817 ad
344 3758 455 3835 iurgia,
485 3760 578 3832 rixas,
609 3760 682 3835 iras,
703 3760 778 3819 haec
800 3759 838 3818 ad
869 3782 1012 3837 pavores,
1033 3781 1184 3835 carcerata,
1209 3760 1423 3837 captivitateS,

284 3868 431 3927 horrores
451 3878 482 3928 et
504 3870 717 3946 phantasmata
738 3871 1027 3945 terribilia,·quibus
1050 3871 1177 3928 multum
1198 3869 1318 3928 coufert
1341 3869 1422 3944 quod

374 4156 389 4204 5
406 4155 534 4204 animot'
595 4156 610 4203 ‘l
628 4152 761 4220 precipua
775 4171 878 4206 causae
896 4162 964 4206 sunt
982 4158 1091 4206 semina
1109 4163 1153 4205 etc.
1176 4160 1210 4208 t':
1228 4156 1257 4205 ia
1274 4158 1304 4206 Μ
1320 4157 1332 4205 ὲ
1351 4157 1423 4223 illep-

280 4235 359 4299 9ihile
376 4235 416 4284 cit
431 4235 476 4283 che
490 4252 563 4299 repra-c
578 4254 595 4284 a
614 4237 749 4301 precipua
814 4240 843 4286 10
860 4239 1036 4288 somniorum
1054 4238 1086 4301 „fl
1105 4239 1147 4297 Μ,
1168 4239 1232 4287 dore
1252 4240 1279 4287 la
1292 4236 1421 4287 scribtura

281 4317 324 4365 dei
331 4316 365 4381 ff.
379 4318 427 4364 Sis
440 4334 493 4380 sqq.
510 4316 521 4364 ὲ
536 4315 586 4378 pia
601 4318 750 4379 deforrrralu
764 4319 805 4366 del
819 4316 896 4367 solito
961 4321 990 4367 lt
1005 4329 1033 4367 at
1048 4320 1283 4370 meditationibus
1302 4321 1388 4370 certis
1402 4321 1424 4370 0

281 4399 312 4446 20
336 4404 404 4446 suut
430 4402 451 4442 {J
517 4400 547 4447 22
565 4399 599 4447 ad
619 4397 716 4462 {illlt'l'
743 4400 789 4448 ll:
810 4401 844 4449 ad
861 4399 925 4465 QG
986 4402 1067 4450 ‘halb
1083 4400 1110 4450 ia
1127 4418 1213 4466 ararp.
1234 4417 1289 4450 nou
1308 4399 1421 4465 quidem

286 4479 355 4528 haec
369 4478 402 4543 (t)
417 4479 447 4527 M
509 4480 541 4528 26
554 4479 713 4545 pavoresl!
720 4496 726 4530 ε
742 4482 859 4531 timores
877 4480 898 4532 C
