3488 5108
660 410 967 458 16661616166111
988 411 1198 458 smrmnvu.
1439 398 1498 458 ‘235

356 569 452 635 nullo
471 576 575 658 pacto
594 569 821 637 materialiter
840 576 875 635 et
894 570 992 655 quasi
1012 569 1214 654 subiectire,
1235 570 1318 656 quia
1333 578 1384 635 est
1400 579 1498 636 actus

356 717 477 782 puruS,
498 695 755 761 etidentissimo
774 696 888 783 quoad
916 718 1003 780 esse,
1024 696 1156 762 occulte
1176 695 1289 782 quoad
1308 695 1392 782 quid
1411 718 1497 778 6666,

357 821 495 886 utfinis
514 821 669 887 omnium
689 828 723 887 et
744 821 835 906 quod
854 843 1025 907 nusquam
1044 827 1097 887 661
1119 820 1164 886 61
1182 819 1295 886 finem.
1315 820 1438 906 Itaque
1457 843 1499 886 ex

356 946 518 1012 membris
543 945 766 1034 expertibus
791 946 932 1015 secundi
956 945 1120 1034 Gigantis
1144 945 1289 1034 suscipit
1312 945 1499 1032 aliquando

312 1073 536 1157 tetrasque,
561 1079 732 1159 quatenus
759 1078 926 1158 utraeque
948 1070 1165 1138 differentiae
1191 1070 1439 1159 perfectionem
1457 1070 1500 1137 61-

357 1197 536 1284 gnificant.
557 1197 641 1264 Viso
660 1219 742 1284 ergo
761 1197 932 1284 quomodo
949 1197 1149 1286 praedicata
1168 1196 1285 1263 omnia
1303 1196 1500 1263 modifican-

358 1330 416 1390 tur
435 1324 473 1389 in
491 1323 582 1407 1666,
602 1324 686 1390 satis
700 1323 924 1393 manifestum
940 1330 993 1390 est
1009 1324 1179 1410 quomodo
1196 1323 1383 1391 secundum
1398 1323 1501 1391 ratio-

357 1471 436 1514 nem
456 1449 652 1537 oppositam
670 1449 895 1515 verificantur
918 1448 960 1514 16
979 1449 1143 1532 tenebris,
1168 1448 1232 1516 hoc
1251 1455 1304 1515 est
1327 1449 1500 1534 1616661,

360 1572 402 1639 16
422 1573 580 1657 materia,
600 1572 643 1640 16
660 1575 819 1661 potentia
837 1575 976 1662 passiva
995 1582 1030 1640 et
1048 1574 1229 1641 similibus.
1248 1574 1420 1662 Negative
1439 1574 1503 1661 igi-

295 1710 338 1774 10
360 1707 420 1766 tur
438 1699 522 1766 haec
552 1699 668 1766 omnia
687 1698 851 1767 dicuntur
879 1699 922 1766 16
940 1700 1009 1785 his,
1036 1722 1124 1786 quoe
1154 1699 1191 1765 in
1215 1698 1334 1767 infimo
1358 1706 1502 1766 6616166

360 1825 484 1914 gradu,
504 1825 678 1913 privative
698 1825 866 1912 quaedam
885 1826 1017 1910 erbis,
1037 1826 1096 1892 661
1115 1825 1231 1892 616616
1262 1824 1305 1891 (16
1324 1847 1394 1891 666
1422 1832 1503 1892 6616

360 1953 565 2040 simpliciter
587 1952 749 2038 negative
779 1950 947 2019 11666161.
978 1951 1031 2018 De
1058 1951 1112 2018 his
1140 1972 1221 2018 vero
1245 1973 1333 2038 quae
1365 1951 1502 2018 suntin

362 2077 488 2161 medie,
507 2100 550 2144 ex
568 2077 691 2143 maiori
721 2084 756 2142 et
774 2076 901 2143 minori
919 2076 1187 2165 participatione
1210 2075 1313 2143 huius
1332 2076 1386 2142 vel
1407 2075 1500 2143 illius

362 2203 523 2288 extremi,
554 2203 619 2268 hoc
648 2211 701 2268 est
729 2202 816 2268 lucis
847 2203 902 2268 vel
926 2202 1161 2284 tenebrarum,
1186 2201 1270 2268 haec
1303 2200 1501 2289 praedicata

298 2339 339 2404 15
362 2327 549 2395 secundum
568 2328 733 2395 maiorem
752 2328 988 2413 minoremque
1005 2328 1176 2394 rationem
1194 2326 1445 2394 attribuuntur.

454 2454 552 2533 Quod
569 2476 651 2521 vero
671 2454 798 2520 attinet
810 2453 854 2520 61
866 2454 1082 2541 operationes
1096 2461 1131 2519 et
1143 2454 1389 2537 instrumenta,
1402 2457 1499 2518 66166
1527 2454 1643 2520 199*

363 2588 397 2646 61
416 2581 603 2668 potentias,
635 2579 732 2666 signs
755 2588 789 2646 61
819 2586 1019 2645 enumerate
1049 2586 1200 2660 6661616,
1232 2578 1316 2644 satis
1343 2585 1502 2665 apertum

365 2712 416 2771 est
435 2705 526 2791 quod
544 2706 640 2794 ipsae
659 2713 850 2791 sequuntur
870 2704 1102 2771 condit-ionem
1121 2703 1353 2771 subiectorum
1373 2702 1410 2768 in
1430 2701 1503 2788 qui·

363 2831 428 2897 bus
447 2837 541 2915 sunt,
562 2853 709 2917 quorum
739 2838 874 2914 66111,6
904 2831 1029 2916 quibus
1053 2836 1149 2914 6661,
1178 2836 1213 2895 61
1232 2828 1311 2895 finis
1339 2828 1383 2895 ad
1402 2849 1504 2914 quem

297 2966 340 3028 20
365 2964 460 3039 suut3
480 2979 567 3044 quae
586 2957 751 3023 nimirum
770 2957 799 3022 si
819 2963 900 3023 sunt
919 2957 1069 3041 infinita,
1098 2955 1282 3044 simplicia,
1303 2961 1440 3020 aeterna
1468 2960 1503 3018 61

364 3083 608 3149 universaliter
627 3083 803 3149 dexteram
826 3081 1076 3169 participantia
1099 3079 1287 3148 secundum
1317 3086 1430 3146 totum
1448 3077 1504 3143 vei

364 3208 553 3274 secundum
569 3216 719 3296 partem,
737 3209 892 3274 1166166
910 3231 997 3294 quoe
1013 3213 1206 3293 sequuntur
1224 3205 1308 3294 ipsa.
1328 3203 1505 3272 Conditio·

365 3357 443 3400 nem
463 3335 554 3400 enim
575 3334 720 3400 subiecti
744 3334 900 3420 sequitur
919 3333 1071 3399 conditio
1095 3332 1286 3420 potentiae,
1307 3329 1449 3398 virtutis
1471 3335 1506 3394 et

363 3463 566 3551 sapientiam
587 3462 819 3528 conditionem
845 3461 924 3527 finis
940 3461 1096 3545 sequitur
1115 3457 1267 3527 conditio
1286 3456 1452 3524 materiae
1471 3462 1506 3521 et

296 3593 340 3658 ‘25
363 3588 595 3655 instrumenti.
615 3589 737 3673 Itaque
757 3586 934 3672 subiectis,
959 3585 1157 3674 principiis,
1178 3584 1300 3651 mediis
1321 3589 1355 3649 61
1371 3580 1505 3649 ultimis

363 3715 493 3802 optime
512 3713 649 3802 positis,
670 3713 801 3801 optima
820 3719 901 3779 sunt
921 3712 1049 3778 omnia.

1305 3900 1492 3914 -ffl

455 4031 522 4081 sad
543 4033 628 4082 finem
648 4031 685 4081 A:
706 4026 723 4078 ia
747 4029 803 4080 fine
823 4029 865 4087 M,
889 4028 935 4079 6116
957 4031 1047 4077 6166116
1069 4041 1123 4088 per
1149 4020 1286 4074 niatiatcso
1308 4037 1344 4072 ox
1367 4020 1502 4072 membris

363 4107 927 4177 titidoposignificnutturicellasicutri
992 4104 1201 4158 iinritdeM
1259 4104 1320 4154 811.
1337 4119 1360 4153 6.
1380 4101 1505 4163 M:÷A

365 4195 392 4243 11
409 4192 479 4257 dopo
496 4192 541 4242 his
558 4192 675 4242 cancella
692 4191 790 4242 infimo
807 4188 830 4239 A
896 4205 953 4240 non
968 4203 1040 4240 corr.
1064 4185 1087 4236 A
1152 4187 1182 4237 12
1199 4183 1332 4234 dicontur
1349 4181 1393 4232 Mt
1412 4180 1507 4232 dicon·

364 4275 678 4336 terhsoracdicuntur
742 4272 772 4321 14
789 4271 842 4321 hoc
855 4269 1021 4337 ostl÷AM
1081 4261 1432 4330 winfinitssimpliciast
