3488 5108
737 406 877 457 tonnam
897 408 1000 455 BRVNI

783 661 817 700 Dc
832 659 954 700 nuatione.

387 845 526 912 Assatio
556 850 609 910 est
636 845 810 910 concoctio
830 867 850 909 a
869 842 1045 908 caliditate
1069 842 1159 908 sicca
1186 841 1377 924 stelione,
1403 848 1438 906 et

298 972 416 1038 differt
435 972 561 1038 assatio
584 970 628 1037 ab
658 970 857 1054 abitatione,
889 971 970 1056 quia
1003 971 1135 1036 elixans
1164 977 1376 1037 transmutat
1403 978 1439 1036 et

298 1099 482 1186 concoquit
499 1122 561 1186 per
579 1097 791 1164 caliditatem
813 1096 961 1181 humidi,
979 1119 1097 1163 assans
1121 1120 1202 1164 vero
1229 1121 1292 1185 per
1322 1098 1440 1164 calidi·

253 1231 274 1294 ὅ
298 1231 406 1290 tatem
423 1225 526 1312 ignis.
545 1227 669 1311 Itaque
688 1224 814 1291 assatio
834 1232 925 1303 esta
952 1224 1042 1290 sicca
1071 1223 1264 1308 caliditate,
1297 1235 1333 1290 et
1361 1223 1438 1289 ideo

296 1350 333 1415 in
353 1350 524 1416 assatione
547 1350 717 1417 exteriora
741 1357 823 1416 sunt
846 1350 990 1415 sicciora
1013 1350 1249 1434 interioribus,
1269 1350 1306 1414 in
1330 1350 1439 1416 elixa·

297 1475 391 1540 tione
414 1497 496 1542 vero
520 1475 685 1541 interiora
711 1482 793 1541 sunt
816 1474 960 1557 sicciora
985 1475 1223 1540 exterioribus.
1250 1475 1292 1539 Iu
1320 1497 1439 1541 manu·

295 1601 397 1667 factis
421 1600 531 1686 magis
557 1622 642 1687 opus
666 1607 718 1666 est
741 1623 853 1667 assare
885 1623 988 1687 quam
1018 1601 1157 1683 elixare,
1190 1600 1272 1685 quia
1300 1599 1438 1665 difficile

295 1734 346 1791 est
365 1726 534 1792 exteriora
553 1733 588 1790 et
606 1726 773 1793 interiora
791 1727 983 1812 aequaliter
999 1725 1198 1809 calefacere,
1223 1724 1438 1811 quandoqui-

231 1862 273 1926 10
295 1852 370 1918 dem
391 1855 434 1919 ab
453 1853 546 1940 ignis
565 1853 741 1920 caliditate
760 1876 830 1919 non
849 1854 1038 1940 aequaliter
1066 1854 1175 1919 distat
1199 1853 1377 1919 internum
1403 1859 1439 1918 et

295 1985 485 2061 externum,
505 2003 568 2044 nec
588 1980 777 2065 aequaliter
796 1979 886 2046 affici
904 1987 1031 2066 potest,
1060 1979 1341 2066 quandoquidem
1359 1999 1438 2066 pro·

294 2107 477 2194 pinquiora
505 2108 581 2195 igni
609 2108 808 2175 exiccantur
839 2109 941 2175 citius
969 2116 1004 2174 et
1035 2109 1237 2175 coeuntibus
1262 2109 1435 2175 meatibus

294 2234 520 2300 exterioribus
538 2234 720 2301 humidum
739 2236 833 2301 intus
852 2235 1002 2301 existens
1032 2257 1103 2300 non
1133 2241 1248 2322 potest
1277 2235 1433 2319 excerni,

295 2357 354 2423 sed
367 2358 539 2425 inclusum
555 2368 718 2426 remanet.
738 2361 851 2426 Aliter
869 2361 907 2426 in
923 2360 1121 2442 elixatione;
1140 2366 1324 2447 postquam
1340 2359 1433 2424 enim

229 2487 269 2550 15
292 2486 473 2554 humidum
492 2488 688 2575 penetravit
711 2512 789 2554 cum
813 2488 989 2555 caliditate
1009 2489 1076 2555 sibi
1096 2490 1276 2576 impressa,
1296 2487 1434 2555 facilius

293 2637 355 2703 per
373 2638 490 2682 omnes
506 2624 622 2705 partes
646 2624 819 2705 operatur.

453 2880 518 2927 Quod
532 2881 618 2920 animal
633 2893 678 2921 nou
692 2882 732 2921 flat
747 2882 771 2920 in
786 2884 940 2932 concoctione,
956 2884 1013 2922 sicut
1028 2882 1119 2930 quidam
1134 2884 1273 2933 opinantur,
1461 2864 1552 2927 ΕΒΓ
1566 2865 1604 2930 0

381 2953 420 2991 sal
436 2953 459 2991 iu
475 2952 607 2992 exoratione
622 2955 717 3002 quadarn
732 2965 773 2994 scu
787 2956 914 3005 egestione,
930 2967 987 3004 (luae
1003 2955 1111 3004 putrescit
1124 2955 1149 2993 ln
1165 2955 1268 2995 inferiori
1284 2958 1345 2996 alvo.

384 3182 524 3245 Ponunt
543 3181 635 3245 euim
655 3180 876 3267 Peripatetici
895 3181 963 3247 tria
981 3181 1185 3268 digestionis
1208 3183 1283 3248 loca
1307 3191 1342 3248 et
1366 3184 1434 3249 tria

228 3311 272 3373 20
295 3305 498 3392 digestionis
525 3329 648 3392 opera:
679 3306 829 3393 primum
857 3307 893 3372 in
922 3308 1111 3391 stomacho,
1136 3309 1196 3373 ubi
1221 3308 1260 3372 fit
1288 3309 1435 3395 digestio

293 3433 511 3520 distinguens
527 3433 666 3519 chylum
682 3458 702 3498 a
719 3435 941 3500 crassioribus
954 3436 1194 3519 excrementis
1214 3436 1272 3521 qui
1287 3437 1435 3502 subinde

294 3559 414 3645 chylus
443 3560 668 3644 concoquitur
697 3560 740 3626 ad
764 3567 880 3649 partes
906 3561 1024 3648 hepati
1052 3562 1278 3649 propinquas,
1307 3563 1369 3628 ubi
1398 3563 1436 3627 in

292 3685 441 3751 secunda
460 3686 670 3772 digestione,
691 3686 773 3751 hinc
789 3686 927 3772 quidem
946 3694 997 3753 est
1017 3695 1057 3753 ut
1073 3695 1328 3754 excrementum
1347 3711 1437 3753 cras·

293 3810 363 3875 sius
387 3811 424 3876 in
447 3811 561 3892 urina,
589 3812 681 3896 quod
708 3835 769 3898 per
795 3813 946 3879 vesicam
976 3813 1142 3899 egeritur,
1167 3814 1330 3879 subtilius
1354 3836 1436 3879 vero

227 3943 271 4007 25
296 3943 459 4020 quattuor
471 3937 649 4002 humores:
670 3937 820 4024 sanguis,
843 3938 985 4021 cholera,
1006 3940 1168 4026 phlegma
1188 3947 1222 4004 et
1241 3939 1437 4005 melancho-

293 4061 353 4143 lia;
375 4084 520 4147 quorum
536 4063 719 4150 praecipue
737 4066 878 4150 sanguis
894 4066 1003 4130 fertur
1020 4067 1207 4132 seeundum
1226 4066 1348 4131 horum
1366 4066 1436 4152 opi-

293 4188 432 4253 nionem
453 4188 495 4253 ad
513 4189 713 4275 praecordia
731 4212 801 4256 una
820 4213 898 4256 cum
918 4192 1066 4276 quadam
1085 4193 1267 4258 affectione
1287 4192 1436 4258 aliorum

387 4468 416 4515 lo
432 4467 636 4533 Peripathotici
652 4466 674 4518 0
734 4470 765 4518 22
782 4471 858 4533 epoti
874 4470 895 4519 t'
