<?xml version="1.0" encoding="UTF-8"?>
<!DOCTYPE html PUBLIC "-//W3C//DTD XHTML 1.0 Transitional//EN"
    "http://www.w3.org/TR/xhtml1/DTD/xhtml1-transitional.dtd">
<html xmlns="http://www.w3.org/1999/xhtml" xml:lang="en" lang="en">
 <head>
  <title>
</title>
<meta http-equiv="Content-Type" content="text/html;charset=utf-8" />
  <meta name='ocr-system' content='tesseract 3.04.00' />
  <meta name='ocr-capabilities' content='ocr_page ocr_carea ocr_par ocr_line ocrx_word'/>
</head>
<body>
  <div class='ocr_page' id='page_1' title='image "./jordanibruninol05brungoog_0561.png"; bbox 0 0 3488 5108; ppageno 0'>
   <div class='ocr_carea' id='block_1_1' title="bbox 283 394 987 452">
    <p class='ocr_par' dir='ltr' id='par_1_1' title="bbox 283 394 987 452">
     <span class='ocr_line' id='line_1_1' title="bbox 283 394 987 452; baseline -0.006 0"><span class='ocrx_word' id='word_1_1' title='bbox 283 394 344 452; x_wconf 83' lang='grc'>494</span> <span class='ocrx_word' id='word_1_2' title='bbox 724 404 864 450; x_wconf 72' lang='lat' dir='ltr'>rounam</span> <span class='ocrx_word' id='word_1_3' title='bbox 883 404 987 451; x_wconf 79' lang='lat' dir='ltr'>auum</span> 
     </span>
    </p>
   </div>
   <div class='ocr_carea' id='block_1_2' title="bbox 222 559 1436 1708">
    <p class='ocr_par' dir='ltr' id='par_1_2' title="bbox 282 559 1429 959">
     <span class='ocr_line' id='line_1_2' title="bbox 360 559 1426 639; baseline -0.004 -18"><span class='ocrx_word' id='word_1_4' title='bbox 360 562 422 621; x_wconf 86' lang='lat' dir='ltr'>IIL</span> <span class='ocrx_word' id='word_1_5' title='bbox 438 560 597 639; x_wconf 82' lang='lat' dir='ltr'>Sapientia</span> <span class='ocrx_word' id='word_1_6' title='bbox 611 559 737 636; x_wconf 82' lang='lat' dir='ltr'>triceps,</span> <span class='ocrx_word' id='word_1_7' title='bbox 756 580 773 618; x_wconf 94' lang='lat' dir='ltr'>a</span> <span class='ocrx_word' id='word_1_8' title='bbox 790 580 849 637; x_wconf 92' lang='lat' dir='ltr'>qna</span> <span class='ocrx_word' id='word_1_9' title='bbox 863 559 976 638; x_wconf 89' lang='lat' dir='ltr'>triplici</span> <span class='ocrx_word' id='word_1_10' title='bbox 995 560 1094 637; x_wconf 89' lang='lat' dir='ltr'>capite</span> <span class='ocrx_word' id='word_1_11' title='bbox 1111 559 1264 638; x_wconf 78' lang='lat' dir='ltr'>triplicem</span> <span class='ocrx_word' id='word_1_12' title='bbox 1278 561 1426 620; x_wconf 88' lang='lat' dir='ltr'>latratum</span> 
     </span>
     <span class='ocr_line' id='line_1_3' title="bbox 284 665 1427 746; baseline -0.001 -19"><span class='ocrx_word' id='word_1_13' title='bbox 284 668 427 727; x_wconf 86' lang='lat' dir='ltr'>emittens</span> <span class='ocrx_word' id='word_1_14' title='bbox 448 667 613 740; x_wconf 80' lang='lat' dir='ltr'><strong>Cerberus,</strong></span> <span class='ocrx_word' id='word_1_15' title='bbox 635 665 675 724; x_wconf 91' lang='lat' dir='ltr'>ad</span> <span class='ocrx_word' id='word_1_16' title='bbox 697 667 833 725; x_wconf 86' lang='lat' dir='ltr'>Hecates</span> <span class='ocrx_word' id='word_1_17' title='bbox 861 666 1004 746; x_wconf 88' lang='lat' dir='ltr'>tricipitis</span> <span class='ocrx_word' id='word_1_18' title='bbox 1031 666 1200 726; x_wconf 74' lang='lat' dir='ltr'>custodiam</span> <span class='ocrx_word' id='word_1_19' title='bbox 1230 667 1427 745; x_wconf 81' lang='lat' dir='ltr'>designatus,</span> 
     </span>
     <span class='ocr_line' id='line_1_4' title="bbox 282 756 1428 853; baseline -0.001 -20"><span class='ocrx_word' id='word_1_20' title='bbox 282 774 406 853; x_wconf 80' lang='lat' dir='ltr'><strong>repellit</strong></span> <span class='ocrx_word' id='word_1_21' title='bbox 424 756 570 834; x_wconf 84' lang='lat' dir='ltr'>obscuros</span> <span class='ocrx_word' id='word_1_22' title='bbox 584 781 616 832; x_wconf 91' lang='lat' dir='ltr'>et</span> <span class='ocrx_word' id='word_1_23' title='bbox 629 773 819 848; x_wconf 82' lang='lat' dir='ltr'>ignorantiae</span> <span class='ocrx_word' id='word_1_24' title='bbox 837 774 994 833; x_wconf 86' lang='lat' dir='ltr'>caecitatis</span> <span class='ocrx_word' id='word_1_25' title='bbox 1009 773 1153 851; x_wconf 86' lang='lat' dir='ltr'>affectos,</span> <span class='ocrx_word' id='word_1_26' title='bbox 1171 782 1202 834; x_wconf 92' lang='lat' dir='ltr'>et</span> <span class='ocrx_word' id='word_1_27' title='bbox 1216 774 1428 834; x_wconf 90' lang='lat' dir='ltr'>tantummodo</span> 
     </span>
     <span class='ocr_line' id='line_1_5' title="bbox 283 879 1429 959; baseline 0 -19"><span class='ocrx_word' id='word_1_28' title='bbox 283 880 418 940; x_wconf 79' lang='lat' dir='ltr'>admittit</span> <span class='ocrx_word' id='word_1_29' title='bbox 438 879 470 938; x_wconf 91' lang='lat' dir='ltr'>in</span> <span class='ocrx_word' id='word_1_30' title='bbox 488 879 612 958; x_wconf 85' lang='lat' dir='ltr'>Elysios</span> <span class='ocrx_word' id='word_1_31' title='bbox 634 898 770 958; x_wconf 87' lang='lat' dir='ltr'>campos,</span> <span class='ocrx_word' id='word_1_32' title='bbox 799 882 850 955; x_wconf 90' lang='lat' dir='ltr'>qui</span> <span class='ocrx_word' id='word_1_33' title='bbox 877 900 934 956; x_wconf 91' lang='lat' dir='ltr'>per</span> <span class='ocrx_word' id='word_1_34' title='bbox 957 881 1200 959; x_wconf 85' lang='lat' dir='ltr'>metaphysieam</span> <span class='ocrx_word' id='word_1_35' title='bbox 1227 902 1245 941; x_wconf 90' lang='lat' dir='ltr'>a</span> <span class='ocrx_word' id='word_1_36' title='bbox 1273 880 1429 941; x_wconf 90' lang='lat' dir='ltr'>cacumine</span> 
     </span>
    </p>

    <p class='ocr_par' dir='ltr' id='par_1_3' title="bbox 239 985 1431 1154">
     <span class='ocr_line' id='line_1_6' title="bbox 239 985 1431 1067; baseline -0.003 -15"><span class='ocrx_word' id='word_1_37' title='bbox 239 989 384 1052; x_wconf 71' lang='lat' dir='ltr'>bscalae</span> <span class='ocrx_word' id='word_1_38' title='bbox 412 985 635 1047; x_wconf 77' lang='lat' dir='ltr'>descendentes</span> <span class='ocrx_word' id='word_1_39' title='bbox 660 1007 716 1065; x_wconf 91' lang='lat' dir='ltr'>per</span> <span class='ocrx_word' id='word_1_40' title='bbox 742 987 1025 1047; x_wconf 72' lang='lat' dir='ltr'>mathematicorum</span> <span class='ocrx_word' id='word_1_41' title='bbox 1052 989 1167 1065; x_wconf 83' lang='lat' dir='ltr'>gradus</span> <span class='ocrx_word' id='word_1_42' title='bbox 1197 989 1238 1048; x_wconf 91' lang='lat' dir='ltr'>ad</span> <span class='ocrx_word' id='word_1_43' title='bbox 1268 988 1431 1067; x_wconf 86' lang='lat' dir='ltr'>physicum</span> 
     </span>
     <span class='ocr_line' id='line_1_7' title="bbox 283 1093 653 1154; baseline -0.003 -1"><span class='ocrx_word' id='word_1_44' title='bbox 283 1093 512 1154; x_wconf 86' lang='lat' dir='ltr'>fundamentum</span> <span class='ocrx_word' id='word_1_45' title='bbox 526 1114 544 1150; x_wconf 75' lang='lat' dir='ltr'>a</span> <span class='ocrx_word' id='word_1_46' title='bbox 565 1115 584 1151; x_wconf 72' lang='lat' dir='ltr'>a</span> <span class='ocrx_word' id='word_1_47' title='bbox 606 1115 624 1150; x_wconf 67' lang='lat' dir='ltr'>a</span> <span class='ocrx_word' id='word_1_48' title='bbox 647 1139 653 1152; x_wconf 91' lang='lat'>.</span> 
     </span>
    </p>

    <p class='ocr_par' dir='ltr' id='par_1_4' title="bbox 283 1198 1436 1497">
     <span class='ocr_line' id='line_1_8' title="bbox 364 1198 1434 1282; baseline 0.004 -23"><span class='ocrx_word' id='word_1_49' title='bbox 364 1201 418 1261; x_wconf 90' lang='lat' dir='ltr'>IV.</span> <span class='ocrx_word' id='word_1_50' title='bbox 441 1200 608 1279; x_wconf 89' lang='lat' dir='ltr'>Physioum</span> <span class='ocrx_word' id='word_1_51' title='bbox 625 1198 856 1260; x_wconf 84' lang='lat' dir='ltr'>fundamentum</span> <span class='ocrx_word' id='word_1_52' title='bbox 877 1212 949 1262; x_wconf 90' lang='lat' dir='ltr'>sunt</span> <span class='ocrx_word' id='word_1_53' title='bbox 967 1201 1026 1261; x_wconf 92' lang='lat' dir='ltr'>duo</span> <span class='ocrx_word' id='word_1_54' title='bbox 1044 1203 1146 1262; x_wconf 90' lang='lat' dir='ltr'>activa</span> <span class='ocrx_word' id='word_1_55' title='bbox 1163 1203 1329 1282; x_wconf 87' lang='lat' dir='ltr'>elementa,</span> <span class='ocrx_word' id='word_1_56' title='bbox 1347 1212 1434 1263; x_wconf 91' lang='lat' dir='ltr'>terra</span> 
     </span>
     <span class='ocr_line' id='line_1_9' title="bbox 284 1307 1436 1386; baseline 0.002 -17"><span class='ocrx_word' id='word_1_57' title='bbox 284 1316 316 1369; x_wconf 89' lang='lat' dir='ltr'>et</span> <span class='ocrx_word' id='word_1_58' title='bbox 329 1308 426 1386; x_wconf 85' lang='lat' dir='ltr'>ignis,</span> <span class='ocrx_word' id='word_1_59' title='bbox 445 1328 522 1386; x_wconf 86' lang='lat' dir='ltr'>quae</span> <span class='ocrx_word' id='word_1_60' title='bbox 540 1307 724 1368; x_wconf 87' lang='lat' dir='ltr'>altrinsecus</span> <span class='ocrx_word' id='word_1_61' title='bbox 740 1307 842 1384; x_wconf 88' lang='lat' dir='ltr'>posita</span> <span class='ocrx_word' id='word_1_62' title='bbox 859 1308 974 1385; x_wconf 83' lang='lat' dir='ltr'>gradus</span> <span class='ocrx_word' id='word_1_63' title='bbox 992 1311 1094 1370; x_wconf 90' lang='lat' dir='ltr'>scalae</span> <span class='ocrx_word' id='word_1_64' title='bbox 1111 1319 1238 1372; x_wconf 89' lang='lat' dir='ltr'>naturae</span> <span class='ocrx_word' id='word_1_65' title='bbox 1252 1311 1292 1370; x_wconf 90' lang='lat' dir='ltr'>ad</span> <span class='ocrx_word' id='word_1_66' title='bbox 1311 1319 1436 1371; x_wconf 85' lang='lat' dir='ltr'>natura-</span> 
     </span>
     <span class='ocr_line' id='line_1_10' title="bbox 283 1414 1435 1497; baseline 0.005 -24"><span class='ocrx_word' id='word_1_67' title='bbox 283 1416 357 1476; x_wconf 88' lang='lat' dir='ltr'>lium</span> <span class='ocrx_word' id='word_1_68' title='bbox 384 1414 633 1476; x_wconf 89' lang='lat' dir='ltr'>oonstitutionem</span> <span class='ocrx_word' id='word_1_69' title='bbox 659 1414 792 1475; x_wconf 87' lang='lat' dir='ltr'>formant</span> <span class='ocrx_word' id='word_1_70' title='bbox 813 1423 845 1475; x_wconf 91' lang='lat' dir='ltr'>et</span> <span class='ocrx_word' id='word_1_71' title='bbox 865 1417 1076 1495; x_wconf 83' lang='lat' dir='ltr'>complexione</span> <span class='ocrx_word' id='word_1_72' title='bbox 1097 1438 1152 1478; x_wconf 91' lang='lat' dir='ltr'>sua</span> <span class='ocrx_word' id='word_1_73' title='bbox 1168 1419 1341 1495; x_wconf 87' lang='lat' dir='ltr'>stabiliunt;</span> <span class='ocrx_word' id='word_1_74' title='bbox 1363 1439 1435 1497; x_wconf 92' lang='lat' dir='ltr'>quo·</span> 
     </span>
    </p>

    <p class='ocr_par' dir='ltr' id='par_1_5' title="bbox 222 1520 1435 1708">
     <span class='ocr_line' id='line_1_11' title="bbox 222 1520 1435 1604; baseline 0.002 -20"><span class='ocrx_word' id='word_1_75' title='bbox 222 1520 262 1585; x_wconf 77' lang='lat'>10</span> <span class='ocrx_word' id='word_1_76' title='bbox 282 1543 349 1583; x_wconf 88' lang='lat' dir='ltr'>rum</span> <span class='ocrx_word' id='word_1_77' title='bbox 367 1523 489 1600; x_wconf 88' lang='lat' dir='ltr'>quidem</span> <span class='ocrx_word' id='word_1_78' title='bbox 506 1522 652 1600; x_wconf 88' lang='lat' dir='ltr'>virtutes,</span> <span class='ocrx_word' id='word_1_79' title='bbox 670 1523 838 1602; x_wconf 87' lang='lat' dir='ltr'>potentiae,</span> <span class='ocrx_word' id='word_1_80' title='bbox 858 1524 1053 1600; x_wconf 83' lang='lat' dir='ltr'>operationes</span> <span class='ocrx_word' id='word_1_81' title='bbox 1071 1534 1103 1585; x_wconf 92' lang='lat' dir='ltr'>et</span> <span class='ocrx_word' id='word_1_82' title='bbox 1117 1532 1203 1585; x_wconf 89' lang='lat' dir='ltr'>actus</span> <span class='ocrx_word' id='word_1_83' title='bbox 1215 1545 1270 1604; x_wconf 90' lang='lat' dir='ltr'>per</span> <span class='ocrx_word' id='word_1_84' title='bbox 1282 1527 1435 1586; x_wconf 87' lang='lat' dir='ltr'>elementa</span> 
     </span>
     <span class='ocr_line' id='line_1_12' title="bbox 285 1629 939 1708; baseline 0 -20"><span class='ocrx_word' id='word_1_85' title='bbox 285 1631 413 1708; x_wconf 87' lang='lat' dir='ltr'>physica</span> <span class='ocrx_word' id='word_1_86' title='bbox 426 1650 481 1690; x_wconf 88' lang='lat' dir='ltr'>suo</span> <span class='ocrx_word' id='word_1_87' title='bbox 499 1638 571 1690; x_wconf 90' lang='lat' dir='ltr'>sunt</span> <span class='ocrx_word' id='word_1_88' title='bbox 587 1629 677 1690; x_wconf 89' lang='lat' dir='ltr'>nobis</span> <span class='ocrx_word' id='word_1_89' title='bbox 693 1629 845 1707; x_wconf 88' lang='lat' dir='ltr'>explicata</span> <span class='ocrx_word' id='word_1_90' title='bbox 864 1630 939 1689; x_wconf 91' lang='lat' dir='ltr'>loeo.</span> 
     </span>
    </p>
   </div>
   <div class='ocr_carea' id='block_1_3' title="bbox 220 1738 1434 2138">
    <p class='ocr_par' dir='ltr' id='par_1_6' title="bbox 283 1738 1432 2032">
     <span class='ocr_line' id='line_1_13' title="bbox 363 1738 1432 1820; baseline 0.004 -22"><span class='ocrx_word' id='word_1_91' title='bbox 363 1739 401 1800; x_wconf 88' lang='lat' dir='ltr'>V.</span> <span class='ocrx_word' id='word_1_92' title='bbox 423 1739 461 1798; x_wconf 93' lang='lat' dir='ltr'>In</span> <span class='ocrx_word' id='word_1_93' title='bbox 478 1738 721 1817; x_wconf 86' lang='lat' dir='ltr'>praesentiarum</span> <span class='ocrx_word' id='word_1_94' title='bbox 738 1759 811 1816; x_wconf 84' lang='lat' dir='ltr'>ergo</span> <span class='ocrx_word' id='word_1_95' title='bbox 834 1748 1045 1817; x_wconf 87' lang='lat' dir='ltr'>proponuntur</span> <span class='ocrx_word' id='word_1_96' title='bbox 1066 1740 1096 1798; x_wconf 90' lang='lat' dir='ltr'>in</span> <span class='ocrx_word' id='word_1_97' title='bbox 1117 1741 1174 1800; x_wconf 88' lang='lat' dir='ltr'>hac</span> <span class='ocrx_word' id='word_1_98' title='bbox 1191 1740 1353 1819; x_wconf 83' lang='lat' dir='ltr'>disciplina</span> <span class='ocrx_word' id='word_1_99' title='bbox 1375 1762 1432 1820; x_wconf 92' lang='lat' dir='ltr'>pro</span> 
     </span>
     <span class='ocr_line' id='line_1_14' title="bbox 283 1845 1431 1925; baseline 0.002 -20"><span class='ocrx_word' id='word_1_100' title='bbox 283 1845 400 1925; x_wconf 90' lang='lat' dir='ltr'>primae</span> <span class='ocrx_word' id='word_1_101' title='bbox 418 1846 514 1923; x_wconf 90' lang='lat' dir='ltr'>partis</span> <span class='ocrx_word' id='word_1_102' title='bbox 527 1845 762 1924; x_wconf 90' lang='lat' dir='ltr'>complemento,</span> <span class='ocrx_word' id='word_1_103' title='bbox 776 1865 853 1923; x_wconf 91' lang='lat' dir='ltr'>quae</span> <span class='ocrx_word' id='word_1_104' title='bbox 865 1846 1090 1924; x_wconf 85' lang='lat' dir='ltr'>supranaturali</span> <span class='ocrx_word' id='word_1_105' title='bbox 1104 1846 1244 1905; x_wconf 90' lang='lat' dir='ltr'>innititur</span> <span class='ocrx_word' id='word_1_106' title='bbox 1255 1849 1431 1924; x_wconf 89' lang='lat' dir='ltr'>potentiae,</span> 
     </span>
     <span class='ocr_line' id='line_1_15' title="bbox 284 1952 1432 2032; baseline 0.002 -19"><span class='ocrx_word' id='word_1_107' title='bbox 284 1952 515 2031; x_wconf 85' lang='lat' dir='ltr'>contemplatio,</span> <span class='ocrx_word' id='word_1_108' title='bbox 533 1952 622 2027; x_wconf 87' lang='lat' dir='ltr'>fides,</span> <span class='ocrx_word' id='word_1_109' title='bbox 640 1952 753 2029; x_wconf 90' lang='lat' dir='ltr'>cultus,</span> <span class='ocrx_word' id='word_1_110' title='bbox 769 1952 848 2012; x_wconf 89' lang='lat' dir='ltr'>ritus</span> <span class='ocrx_word' id='word_1_111' title='bbox 863 1960 894 2012; x_wconf 90' lang='lat' dir='ltr'>et</span> <span class='ocrx_word' id='word_1_112' title='bbox 909 1953 1027 2031; x_wconf 85' lang='lat' dir='ltr'>puritas</span> <span class='ocrx_word' id='word_1_113' title='bbox 1044 1952 1084 2011; x_wconf 92' lang='lat' dir='ltr'>ad</span> <span class='ocrx_word' id='word_1_114' title='bbox 1099 1973 1188 2031; x_wconf 86' lang='lat' dir='ltr'>pura;</span> <span class='ocrx_word' id='word_1_115' title='bbox 1206 1973 1262 2032; x_wconf 92' lang='lat' dir='ltr'>pro</span> <span class='ocrx_word' id='word_1_116' title='bbox 1277 1954 1432 2015; x_wconf 89' lang='lat' dir='ltr'>secundae</span> 
     </span>
    </p>

    <p class='ocr_par' dir='ltr' id='par_1_7' title="bbox 220 2053 1434 2138">
     <span class='ocr_line' id='line_1_16' title="bbox 220 2053 1434 2138; baseline 0.003 -22"><span class='ocrx_word' id='word_1_117' title='bbox 220 2053 261 2116; x_wconf 77' lang='lat' dir='ltr'>lb</span> <span class='ocrx_word' id='word_1_118' title='bbox 284 2060 381 2137; x_wconf 90' lang='lat' dir='ltr'>partis</span> <span class='ocrx_word' id='word_1_119' title='bbox 403 2058 624 2137; x_wconf 89' lang='lat' dir='ltr'>complemento</span> <span class='ocrx_word' id='word_1_120' title='bbox 641 2070 764 2138; x_wconf 84' lang='lat' dir='ltr'>tempus</span> <span class='ocrx_word' id='word_1_121' title='bbox 784 2071 816 2119; x_wconf 90' lang='lat' dir='ltr'>et</span> <span class='ocrx_word' id='word_1_122' title='bbox 836 2068 986 2138; x_wconf 87' lang='lat' dir='ltr'>tempora,</span> <span class='ocrx_word' id='word_1_123' title='bbox 1002 2059 1094 2131; x_wconf 92' lang='lat' dir='ltr'>ordo,</span> <span class='ocrx_word' id='word_1_124' title='bbox 1113 2061 1290 2136; x_wconf 89' lang='lat' dir='ltr'>assequutio</span> <span class='ocrx_word' id='word_1_125' title='bbox 1311 2081 1434 2122; x_wconf 87' lang='lat' dir='ltr'>concor·</span> 
     </span>
    </p>
   </div>
   <div class='ocr_carea' id='block_1_4' title="bbox 220 2166 1556 3858">
    <p class='ocr_par' dir='ltr' id='par_1_8' title="bbox 284 2166 1433 2569">
     <span class='ocr_line' id='line_1_17' title="bbox 284 2166 1433 2245; baseline 0.004 -21"><span class='ocrx_word' id='word_1_126' title='bbox 284 2166 353 2226; x_wconf 88' lang='lat' dir='ltr'>diae</span> <span class='ocrx_word' id='word_1_127' title='bbox 371 2166 410 2225; x_wconf 89' lang='lat' dir='ltr'>ad</span> <span class='ocrx_word' id='word_1_128' title='bbox 428 2166 638 2242; x_wconf 90' lang='lat' dir='ltr'>concordiam,</span> <span class='ocrx_word' id='word_1_129' title='bbox 656 2167 721 2227; x_wconf 88' lang='lat' dir='ltr'>litis</span> <span class='ocrx_word' id='word_1_130' title='bbox 742 2167 780 2226; x_wconf 94' lang='lat' dir='ltr'>ad</span> <span class='ocrx_word' id='word_1_131' title='bbox 799 2166 892 2241; x_wconf 88' lang='lat' dir='ltr'>litem,</span> <span class='ocrx_word' id='word_1_132' title='bbox 916 2166 1201 2245; x_wconf 83' lang='lat' dir='ltr'>impedimentorum</span> <span class='ocrx_word' id='word_1_133' title='bbox 1220 2167 1338 2244; x_wconf 87' lang='lat' dir='ltr'>evasio,</span> <span class='ocrx_word' id='word_1_134' title='bbox 1358 2179 1433 2229; x_wconf 88' lang='lat' dir='ltr'>tem·</span> 
     </span>
     <span class='ocr_line' id='line_1_18' title="bbox 284 2273 1432 2353; baseline 0.003 -21"><span class='ocrx_word' id='word_1_135' title='bbox 284 2274 406 2351; x_wconf 87' lang='lat' dir='ltr'>pestiva</span> <span class='ocrx_word' id='word_1_136' title='bbox 423 2273 599 2349; x_wconf 87' lang='lat' dir='ltr'>exequutio;</span> <span class='ocrx_word' id='word_1_137' title='bbox 615 2294 671 2352; x_wconf 90' lang='lat' dir='ltr'>pro</span> <span class='ocrx_word' id='word_1_138' title='bbox 686 2275 796 2334; x_wconf 87' lang='lat' dir='ltr'>tertiae</span> <span class='ocrx_word' id='word_1_139' title='bbox 814 2274 912 2352; x_wconf 87' lang='lat' dir='ltr'>partis</span> <span class='ocrx_word' id='word_1_140' title='bbox 930 2274 1152 2350; x_wconf 89' lang='lat' dir='ltr'>complemento</span> <span class='ocrx_word' id='word_1_141' title='bbox 1175 2274 1340 2353; x_wconf 87' lang='lat' dir='ltr'>applicatio</span> <span class='ocrx_word' id='word_1_142' title='bbox 1359 2275 1432 2335; x_wconf 88' lang='lat' dir='ltr'>aeti-</span> 
     </span>
     <span class='ocr_line' id='line_1_19' title="bbox 284 2382 1430 2462; baseline 0.002 -20"><span class='ocrx_word' id='word_1_143' title='bbox 284 2402 390 2442; x_wconf 86' lang='lat' dir='ltr'>vcrum</span> <span class='ocrx_word' id='word_1_144' title='bbox 419 2384 566 2462; x_wconf 86' lang='lat' dir='ltr'>passivis,</span> <span class='ocrx_word' id='word_1_145' title='bbox 592 2383 710 2443; x_wconf 87' lang='lat' dir='ltr'>affabre</span> <span class='ocrx_word' id='word_1_146' title='bbox 737 2394 954 2462; x_wconf 90' lang='lat' dir='ltr'>apparatorum</span> <span class='ocrx_word' id='word_1_147' title='bbox 970 2382 1087 2443; x_wconf 85' lang='lat' dir='ltr'>affabre</span> <span class='ocrx_word' id='word_1_148' title='bbox 1112 2385 1283 2461; x_wconf 90' lang='lat' dir='ltr'>apparatis:</span> <span class='ocrx_word' id='word_1_149' title='bbox 1302 2403 1430 2460; x_wconf 87' lang='lat' dir='ltr'>quorum</span> 
     </span>
     <span class='ocr_line' id='line_1_20' title="bbox 284 2491 1429 2569; baseline 0.003 -21"><span class='ocrx_word' id='word_1_150' title='bbox 284 2491 416 2551; x_wconf 90' lang='lat' dir='ltr'>omnium</span> <span class='ocrx_word' id='word_1_151' title='bbox 430 2492 579 2551; x_wconf 90' lang='lat' dir='ltr'>rationem</span> <span class='ocrx_word' id='word_1_152' title='bbox 591 2491 621 2550; x_wconf 89' lang='lat' dir='ltr'>in</span> <span class='ocrx_word' id='word_1_153' title='bbox 632 2491 889 2567; x_wconf 88' lang='lat' dir='ltr'>subsequentibus</span> <span class='ocrx_word' id='word_1_154' title='bbox 901 2512 956 2569; x_wconf 91' lang='lat' dir='ltr'>per</span> <span class='ocrx_word' id='word_1_155' title='bbox 969 2492 1060 2551; x_wconf 91' lang='lat' dir='ltr'>trium</span> <span class='ocrx_word' id='word_1_156' title='bbox 1073 2500 1258 2552; x_wconf 87' lang='lat' dir='ltr'>tractatuum</span> <span class='ocrx_word' id='word_1_157' title='bbox 1271 2492 1429 2552; x_wconf 88' lang='lat' dir='ltr'>discursus</span> 
     </span>
    </p>

    <p class='ocr_par' dir='ltr' id='par_1_9' title="bbox 220 2596 1433 3088">
     <span class='ocr_line' id='line_1_21' title="bbox 220 2596 1433 2677; baseline 0 -18"><span class='ocrx_word' id='word_1_158' title='bbox 220 2596 263 2659; x_wconf 78' lang='grc'>20</span> <span class='ocrx_word' id='word_1_159' title='bbox 287 2597 515 2658; x_wconf 89' lang='lat' dir='ltr'>elucidabimus.</span> <span class='ocrx_word' id='word_1_160' title='bbox 535 2596 669 2669; x_wconf 81' lang='lat' dir='ltr'>Quorum</span> <span class='ocrx_word' id='word_1_161' title='bbox 684 2598 799 2677; x_wconf 89' lang='lat' dir='ltr'>primus</span> <span class='ocrx_word' id='word_1_162' title='bbox 817 2608 865 2659; x_wconf 89' lang='lat' dir='ltr'>est</span> <span class='ocrx_word' id='word_1_163' title='bbox 883 2599 921 2658; x_wconf 92' lang='lat' dir='ltr'>de</span> <span class='ocrx_word' id='word_1_164' title='bbox 938 2601 1020 2659; x_wconf 85' lang='lat' dir='ltr'>cultu</span> <span class='ocrx_word' id='word_1_165' title='bbox 1040 2600 1088 2660; x_wconf 84' lang='lat' dir='ltr'>uel</span> <span class='ocrx_word' id='word_1_166' title='bbox 1105 2600 1144 2659; x_wconf 88' lang='lat' dir='ltr'>ad</span> <span class='ocrx_word' id='word_1_167' title='bbox 1170 2600 1299 2676; x_wconf 88' lang='lat' dir='ltr'>cultum;</span> <span class='ocrx_word' id='word_1_168' title='bbox 1328 2619 1433 2660; x_wconf 90' lang='lat' dir='ltr'>seeun-</span> 
     </span>
     <span class='ocr_line' id='line_1_22' title="bbox 286 2703 1429 2785; baseline 0.004 -23"><span class='ocrx_word' id='word_1_169' title='bbox 286 2703 344 2765; x_wconf 90' lang='lat' dir='ltr'>dus</span> <span class='ocrx_word' id='word_1_170' title='bbox 361 2712 410 2764; x_wconf 87' lang='lat' dir='ltr'>est</span> <span class='ocrx_word' id='word_1_171' title='bbox 425 2705 464 2764; x_wconf 91' lang='lat' dir='ltr'>de</span> <span class='ocrx_word' id='word_1_172' title='bbox 483 2705 679 2764; x_wconf 88' lang='lat' dir='ltr'>observantia</span> <span class='ocrx_word' id='word_1_173' title='bbox 703 2713 735 2764; x_wconf 91' lang='lat' dir='ltr'>et</span> <span class='ocrx_word' id='word_1_174' title='bbox 752 2716 922 2784; x_wconf 90' lang='lat' dir='ltr'>temporum</span> <span class='ocrx_word' id='word_1_175' title='bbox 950 2706 1193 2785; x_wconf 86' lang='lat' dir='ltr'>dispensatione,</span> <span class='ocrx_word' id='word_1_176' title='bbox 1222 2707 1295 2767; x_wconf 90' lang='lat' dir='ltr'>item</span> <span class='ocrx_word' id='word_1_177' title='bbox 1316 2706 1429 2782; x_wconf 87' lang='lat' dir='ltr'>figura-</span> 
     </span>
     <span class='ocr_line' id='line_1_23' title="bbox 285 2811 1431 2889; baseline 0.003 -20"><span class='ocrx_word' id='word_1_178' title='bbox 285 2830 365 2886; x_wconf 89' lang='lat' dir='ltr'>rum,</span> <span class='ocrx_word' id='word_1_179' title='bbox 382 2831 587 2885; x_wconf 89' lang='lat' dir='ltr'>numerorum,</span> <span class='ocrx_word' id='word_1_180' title='bbox 608 2811 792 2888; x_wconf 87' lang='lat' dir='ltr'>sigillorum,</span> <span class='ocrx_word' id='word_1_181' title='bbox 815 2812 1023 2872; x_wconf 87' lang='lat' dir='ltr'>characterum</span> <span class='ocrx_word' id='word_1_182' title='bbox 1049 2822 1080 2872; x_wconf 93' lang='lat' dir='ltr'>et</span> <span class='ocrx_word' id='word_1_183' title='bbox 1101 2813 1279 2872; x_wconf 91' lang='lat' dir='ltr'>annulorum</span> <span class='ocrx_word' id='word_1_184' title='bbox 1296 2813 1431 2889; x_wconf 87' lang='lat' dir='ltr'>ratione;</span> 
     </span>
     <span class='ocr_line' id='line_1_24' title="bbox 286 2922 1431 3001; baseline 0.003 -21"><span class='ocrx_word' id='word_1_185' title='bbox 286 2923 396 2981; x_wconf 88' lang='lat' dir='ltr'>tertius</span> <span class='ocrx_word' id='word_1_186' title='bbox 412 2922 451 2982; x_wconf 90' lang='lat' dir='ltr'>de</span> <span class='ocrx_word' id='word_1_187' title='bbox 472 2942 571 2982; x_wconf 89' lang='lat' dir='ltr'>rerum</span> <span class='ocrx_word' id='word_1_188' title='bbox 591 2923 750 2998; x_wconf 87' lang='lat' dir='ltr'>qualitate,</span> <span class='ocrx_word' id='word_1_189' title='bbox 779 2925 910 2997; x_wconf 87' lang='lat' dir='ltr'>ratione,</span> <span class='ocrx_word' id='word_1_190' title='bbox 935 2923 1153 3001; x_wconf 86' lang='lat' dir='ltr'>applicatione,</span> <span class='ocrx_word' id='word_1_191' title='bbox 1183 2925 1371 3001; x_wconf 85' lang='lat' dir='ltr'>proprietate</span> <span class='ocrx_word' id='word_1_192' title='bbox 1400 2933 1431 2984; x_wconf 91' lang='lat' dir='ltr'>et</span> 
     </span>
     <span class='ocr_line' id='line_1_25' title="bbox 287 3029 400 3088; baseline 0 -1"><span class='ocrx_word' id='word_1_193' title='bbox 287 3029 400 3088; x_wconf 90' lang='lat' dir='ltr'>ordine.</span> 
     </span>
    </p>

    <p class='ocr_par' dir='ltr' id='par_1_10' title="bbox 220 3130 1556 3642">
     <span class='ocr_line' id='line_1_26' title="bbox 220 3130 1556 3214; baseline 0.004 -23"><span class='ocrx_word' id='word_1_194' title='bbox 220 3130 262 3191; x_wconf 78' lang='lat'>25</span> <span class='ocrx_word' id='word_1_195' title='bbox 365 3136 417 3196; x_wconf 82' lang='lat' dir='ltr'>VI.</span> <span class='ocrx_word' id='word_1_196' title='bbox 441 3136 568 3214; x_wconf 85' lang='lat' dir='ltr'>Triplici</span> <span class='ocrx_word' id='word_1_197' title='bbox 591 3157 665 3211; x_wconf 85' lang='lat' dir='ltr'>ergo</span> <span class='ocrx_word' id='word_1_198' title='bbox 690 3137 841 3197; x_wconf 88' lang='lat' dir='ltr'>existente</span> <span class='ocrx_word' id='word_1_199' title='bbox 859 3139 949 3198; x_wconf 86' lang='lat' dir='ltr'>huius</span> <span class='ocrx_word' id='word_1_200' title='bbox 969 3137 1124 3197; x_wconf 83' lang='lat' dir='ltr'>facultatis</span> <span class='ocrx_word' id='word_1_201' title='bbox 1146 3158 1256 3213; x_wconf 68' lang='lat' dir='ltr'>neruo,</span> <span class='ocrx_word' id='word_1_202' title='bbox 1286 3137 1335 3211; x_wconf 86' lang='lat' dir='ltr'>qui</span> <span class='ocrx_word' id='word_1_203' title='bbox 1360 3158 1428 3197; x_wconf 91' lang='lat' dir='ltr'>cum</span> <span class='ocrx_word' id='word_1_204' title='bbox 1458 3134 1556 3198; x_wconf 70' lang='grc' dir='ltr'>’70ν</span> 
     </span>
     <span class='ocr_line' id='line_1_27' title="bbox 287 3244 1432 3322; baseline -0.001 -17"><span class='ocrx_word' id='word_1_205' title='bbox 287 3246 328 3306; x_wconf 87' lang='lat' dir='ltr'>sit</span> <span class='ocrx_word' id='word_1_206' title='bbox 345 3245 514 3321; x_wconf 89' lang='lat' dir='ltr'>completus</span> <span class='ocrx_word' id='word_1_207' title='bbox 531 3254 563 3303; x_wconf 89' lang='lat' dir='ltr'>et</span> <span class='ocrx_word' id='word_1_208' title='bbox 579 3244 747 3322; x_wconf 82' lang='lat' dir='ltr'>perfectae,</span> <span class='ocrx_word' id='word_1_209' title='bbox 768 3246 998 3322; x_wconf 81' lang='lat' dir='ltr'>potentissimus</span> <span class='ocrx_word' id='word_1_210' title='bbox 1021 3259 1068 3304; x_wconf 84' lang='lat' dir='ltr'>est</span> <span class='ocrx_word' id='word_1_211' title='bbox 1086 3246 1124 3303; x_wconf 74' lang='lat' dir='ltr'>au</span> <span class='ocrx_word' id='word_1_212' title='bbox 1147 3246 1247 3303; x_wconf 83' lang='lat' dir='ltr'>omnia</span> <span class='ocrx_word' id='word_1_213' title='bbox 1265 3246 1432 3320; x_wconf 85' lang='lat' dir='ltr'>ligamenta</span> 
     </span>
     <span class='ocr_line' id='line_1_28' title="bbox 287 3351 1429 3428; baseline -0.002 -16"><span class='ocrx_word' id='word_1_214' title='bbox 287 3361 319 3412; x_wconf 88' lang='lat' dir='ltr'>et</span> <span class='ocrx_word' id='word_1_215' title='bbox 335 3352 375 3411; x_wconf 90' lang='lat' dir='ltr'>ad</span> <span class='ocrx_word' id='word_1_216' title='bbox 396 3372 515 3411; x_wconf 87' lang='lat' dir='ltr'>omnem</span> <span class='ocrx_word' id='word_1_217' title='bbox 542 3352 724 3412; x_wconf 89' lang='lat' dir='ltr'>solutionem</span> <span class='ocrx_word' id='word_1_218' title='bbox 754 3352 989 3411; x_wconf 88' lang='lat' dir='ltr'>confirmandam</span> <span class='ocrx_word' id='word_1_219' title='bbox 1017 3351 1260 3426; x_wconf 86' lang='lat' dir='ltr'>efficacissimus,</span> <span class='ocrx_word' id='word_1_220' title='bbox 1292 3372 1345 3428; x_wconf 89' lang='lat' dir='ltr'>pro</span> <span class='ocrx_word' id='word_1_221' title='bbox 1371 3373 1429 3428; x_wconf 90' lang='lat' dir='ltr'>quo</span> 
     </span>
     <span class='ocr_line' id='line_1_29' title="bbox 287 3457 1436 3535; baseline 0.001 -18"><span class='ocrx_word' id='word_1_222' title='bbox 287 3458 401 3519; x_wconf 86' lang='lat' dir='ltr'>dixisse</span> <span class='ocrx_word' id='word_1_223' title='bbox 417 3458 601 3534; x_wconf 81' lang='lat' dir='ltr'>intelligitur</span> <span class='ocrx_word' id='word_1_224' title='bbox 622 3458 868 3535; x_wconf 85' lang='lat' dir='ltr'>sapientissimus</span> <span class='ocrx_word' id='word_1_225' title='bbox 888 3459 968 3517; x_wconf 92' lang='lat' dir='ltr'>inter</span> <span class='ocrx_word' id='word_1_226' title='bbox 986 3460 1145 3518; x_wconf 85' lang='lat' dir='ltr'>Hebraeos</span> <span class='ocrx_word' id='word_1_227' title='bbox 1164 3458 1321 3518; x_wconf 80' lang='lat' dir='ltr'>Oebalista</span> <span class='ocrx_word' id='word_1_228' title='bbox 1341 3457 1436 3518; x_wconf 84' lang='lat' dir='ltr'>&#39;funi-</span> 
     </span>
     <span class='ocr_line' id='line_1_30' title="bbox 287 3564 1436 3642; baseline -0.002 -16"><span class='ocrx_word' id='word_1_229' title='bbox 287 3566 372 3626; x_wconf 88' lang='lat' dir='ltr'>culus</span> <span class='ocrx_word' id='word_1_230' title='bbox 395 3565 508 3642; x_wconf 81' lang='lat' dir='ltr'>triplex</span> <span class='ocrx_word' id='word_1_231' title='bbox 535 3564 659 3624; x_wconf 86' lang='lat' dir='ltr'>difficile</span> <span class='ocrx_word' id='word_1_232' title='bbox 681 3565 854 3641; x_wconf 55' lang='lat' dir='ltr'>rumpiturss</span> <span class='ocrx_word' id='word_1_233' title='bbox 872 3566 1008 3625; x_wconf 88' lang='lat' dir='ltr'>Primum</span> <span class='ocrx_word' id='word_1_234' title='bbox 1033 3585 1107 3642; x_wconf 85' lang='lat' dir='ltr'>ergo</span> <span class='ocrx_word' id='word_1_235' title='bbox 1131 3565 1296 3624; x_wconf 87' lang='lat' dir='ltr'>funiculum</span> <span class='ocrx_word' id='word_1_236' title='bbox 1313 3566 1436 3624; x_wconf 85' lang='lat' dir='ltr'>invoca-</span> 
     </span>
    </p>

    <p class='ocr_par' dir='ltr' id='par_1_11' title="bbox 220 3672 1435 3858">
     <span class='ocr_line' id='line_1_31' title="bbox 220 3672 1432 3753; baseline -0.001 -20"><span class='ocrx_word' id='word_1_237' title='bbox 220 3678 264 3740; x_wconf 86' lang='lat'>30</span> <span class='ocrx_word' id='word_1_238' title='bbox 287 3674 401 3733; x_wconf 89' lang='lat' dir='ltr'>tionem</span> <span class='ocrx_word' id='word_1_239' title='bbox 416 3672 607 3750; x_wconf 88' lang='lat' dir='ltr'>appellamus</span> <span class='ocrx_word' id='word_1_240' title='bbox 626 3681 656 3732; x_wconf 90' lang='lat' dir='ltr'>et</span> <span class='ocrx_word' id='word_1_241' title='bbox 674 3673 765 3731; x_wconf 89' lang='lat' dir='ltr'>animi</span> <span class='ocrx_word' id='word_1_242' title='bbox 784 3673 823 3732; x_wconf 83' lang='lat' dir='ltr'>ad</span> <span class='ocrx_word' id='word_1_243' title='bbox 841 3693 988 3753; x_wconf 86' lang='lat' dir='ltr'>supernas</span> <span class='ocrx_word' id='word_1_244' title='bbox 1007 3674 1138 3733; x_wconf 86' lang='lat' dir='ltr'>virtutes</span> <span class='ocrx_word' id='word_1_245' title='bbox 1161 3675 1373 3748; x_wconf 64' lang='lat' dir='ltr'>directionem</span> <span class='ocrx_word' id='word_1_246' title='bbox 1395 3693 1432 3732; x_wconf 84' lang='lat' dir='ltr'>ex</span> 
     </span>
     <span class='ocr_line' id='line_1_32' title="bbox 285 3778 1435 3858; baseline 0.003 -19"><span class='ocrx_word' id='word_1_247' title='bbox 285 3779 375 3840; x_wconf 92' lang='lat' dir='ltr'>nobis</span> <span class='ocrx_word' id='word_1_248' title='bbox 390 3778 470 3839; x_wconf 88' lang='lat' dir='ltr'>enim</span> <span class='ocrx_word' id='word_1_249' title='bbox 487 3779 683 3858; x_wconf 89' lang='lat' dir='ltr'>impotentes,</span> <span class='ocrx_word' id='word_1_250' title='bbox 705 3782 785 3841; x_wconf 88' lang='lat' dir='ltr'>sicut</span> <span class='ocrx_word' id='word_1_251' title='bbox 802 3781 950 3858; x_wconf 73' lang='lat' dir='ltr'>artificeS,</span> <span class='ocrx_word' id='word_1_252' title='bbox 967 3783 1100 3841; x_wconf 87' lang='lat' dir='ltr'>nonnisi</span> <span class='ocrx_word' id='word_1_253' title='bbox 1119 3791 1255 3842; x_wconf 89' lang='lat' dir='ltr'>mutuata</span> <span class='ocrx_word' id='word_1_254' title='bbox 1270 3784 1397 3842; x_wconf 85' lang='lat' dir='ltr'>rnateria</span> <span class='ocrx_word' id='word_1_255' title='bbox 1416 3804 1435 3842; x_wconf 90' lang='lat' dir='ltr'>a</span> 
     </span>
    </p>
   </div>
   <div class='ocr_carea' id='block_1_5' title="bbox 301 4005 1432 4013">
    <p class='ocr_par' dir='ltr' id='par_1_12' title="bbox 301 4005 1432 4013">
     <span class='ocr_line' id='line_1_33' title="bbox 301 4005 1432 4013; baseline 0.001 -2"><span class='ocrx_word' id='word_1_256' title='bbox 301 4005 480 4012; x_wconf 50' lang='grc' dir='ltr'>Μ-.-</span> <span class='ocrx_word' id='word_1_257' title='bbox 497 4006 563 4012; x_wconf 45' lang='grc' dir='ltr'>ψη...-</span> <span class='ocrx_word' id='word_1_258' title='bbox 584 4007 594 4012; x_wconf 72' lang='grc'>.,</span> <span class='ocrx_word' id='word_1_259' title='bbox 632 4008 635 4011; x_wconf 94' lang='grc'><em>.</em></span> <span class='ocrx_word' id='word_1_260' title='bbox 654 4006 666 4011; x_wconf 70' lang='grc'>,.</span> <span class='ocrx_word' id='word_1_261' title='bbox 675 4007 693 4013; x_wconf 75' lang='grc'>.,.</span> <span class='ocrx_word' id='word_1_262' title='bbox 713 4007 725 4011; x_wconf 91' lang='grc'>..</span> <span class='ocrx_word' id='word_1_263' title='bbox 738 4007 743 4011; x_wconf 81' lang='lat'><em>.</em></span> <span class='ocrx_word' id='word_1_264' title='bbox 766 4007 773 4011; x_wconf 73' lang='grc'><em>.</em></span> <span class='ocrx_word' id='word_1_265' title='bbox 811 4007 897 4011; x_wconf 77' lang='grc'><em>..-...-,</em></span> <span class='ocrx_word' id='word_1_266' title='bbox 912 4006 927 4011; x_wconf 94' lang='grc'>..</span> <span class='ocrx_word' id='word_1_267' title='bbox 975 4006 983 4011; x_wconf 87' lang='grc'>-</span> <span class='ocrx_word' id='word_1_268' title='bbox 1032 4006 1151 4011; x_wconf 41' lang='grc' dir='ltr'>...Λ-α»..-</span> <span class='ocrx_word' id='word_1_269' title='bbox 1176 4006 1266 4011; x_wconf 76' lang='lat'><em>--—-.</em></span> <span class='ocrx_word' id='word_1_270' title='bbox 1292 4006 1329 4011; x_wconf 52' lang='lat'>2-</span> <span class='ocrx_word' id='word_1_271' title='bbox 1344 4006 1432 4012; x_wconf 49' lang='grc' dir='ltr'>..-Μ</span> 
     </span>
    </p>
   </div>
   <div class='ocr_carea' id='block_1_6' title="bbox 288 4138 1437 4526">
    <p class='ocr_par' dir='ltr' id='par_1_13' title="bbox 288 4138 1437 4526">
     <span class='ocr_line' id='line_1_34' title="bbox 378 4138 1437 4208; baseline -0.002 -16"><span class='ocrx_word' id='word_1_272' title='bbox 378 4144 455 4207; x_wconf 78' lang='lat' dir='ltr'>laqq.</span> <span class='ocrx_word' id='word_1_273' title='bbox 473 4144 508 4205; x_wconf 81' lang='lat' dir='ltr'>cf.</span> <span class='ocrx_word' id='word_1_274' title='bbox 524 4161 553 4208; x_wconf 84' lang='lat' dir='ltr'>p.</span> <span class='ocrx_word' id='word_1_275' title='bbox 572 4146 635 4200; x_wconf 74' lang='lat'>435,</span> <span class='ocrx_word' id='word_1_276' title='bbox 651 4145 686 4192; x_wconf 82' lang='lat'>23</span> <span class='ocrx_word' id='word_1_277' title='bbox 702 4159 757 4206; x_wconf 78' lang='lat' dir='ltr'>sqq.</span> <span class='ocrx_word' id='word_1_278' title='bbox 821 4143 950 4192; x_wconf 69' lang='lat' dir='ltr'>uncatis</span> <span class='ocrx_word' id='word_1_279' title='bbox 968 4142 1000 4192; x_wconf 86' lang='lat' dir='ltr'><em>M</em></span> <span class='ocrx_word' id='word_1_280' title='bbox 1062 4144 1111 4192; x_wconf 74' lang='lat' dir='ltr'>el.</span> <span class='ocrx_word' id='word_1_281' title='bbox 1131 4141 1270 4192; x_wconf 83' lang='lat' dir='ltr'>caecitate</span> <span class='ocrx_word' id='word_1_282' title='bbox 1333 4138 1437 4191; x_wconf 72' lang='lat' dir='ltr'>tiodi-</span> 
     </span>
     <span class='ocr_line' id='line_1_35' title="bbox 288 4218 1435 4287; baseline -0.001 -15"><span class='ocrx_word' id='word_1_283' title='bbox 288 4218 390 4272; x_wconf 78' lang='lat' dir='ltr'>cln&#39;amo</span> <span class='ocrx_word' id='word_1_284' title='bbox 407 4241 463 4272; x_wconf 80' lang='lat' dir='ltr'>aaa</span> <span class='ocrx_word' id='word_1_285' title='bbox 480 4223 578 4273; x_wconf 81' lang='lat' dir='ltr'>lacuna</span> <span class='ocrx_word' id='word_1_286' title='bbox 641 4225 670 4273; x_wconf 92' lang='lat' dir='ltr'>ll</span> <span class='ocrx_word' id='word_1_287' title='bbox 688 4221 742 4272; x_wconf 72' lang='lat' dir='ltr'>aiod</span> <span class='ocrx_word' id='word_1_288' title='bbox 758 4223 802 4272; x_wconf 79' lang='lat' dir='ltr'>nei</span> <span class='ocrx_word' id='word_1_289' title='bbox 818 4220 930 4287; x_wconf 77' lang='lat' dir='ltr'>capiroli</span> <span class='ocrx_word' id='word_1_290' title='bbox 945 4224 1002 4273; x_wconf 66' lang='lat' dir='ltr'>‘De</span> <span class='ocrx_word' id='word_1_291' title='bbox 1020 4239 1108 4273; x_wconf 82' lang='lat' dir='ltr'>rerwn</span> <span class='ocrx_word' id='word_1_292' title='bbox 1123 4220 1273 4286; x_wconf 75' lang='lat' dir='ltr'>principiis</span> <span class='ocrx_word' id='word_1_293' title='bbox 1290 4229 1311 4270; x_wconf 82' lang='lat' dir='ltr'>et</span> <span class='ocrx_word' id='word_1_294' title='bbox 1329 4223 1435 4271; x_wconf 74' lang='lat' dir='ltr'>clenica·</span> 
     </span>
     <span class='ocr_line' id='line_1_36' title="bbox 289 4302 1434 4367; baseline -0.002 -14"><span class='ocrx_word' id='word_1_295' title='bbox 289 4302 336 4353; x_wconf 64' lang='lat' dir='ltr'>tia*</span> <span class='ocrx_word' id='word_1_296' title='bbox 350 4311 395 4353; x_wconf 77' lang='lat' dir='ltr'>ete.</span> <span class='ocrx_word' id='word_1_297' title='bbox 410 4305 446 4367; x_wconf 88' lang='lat' dir='ltr'>(s.</span> <span class='ocrx_word' id='word_1_298' title='bbox 457 4306 506 4352; x_wconf 51' lang='lat'>39?</span> <span class='ocrx_word' id='word_1_299' title='bbox 522 4320 575 4367; x_wconf 78' lang='lat' dir='ltr'>sqq.</span> <span class='ocrx_word' id='word_1_300' title='bbox 588 4302 644 4352; x_wconf 88' lang='lat' dir='ltr'>cod.</span> <span class='ocrx_word' id='word_1_301' title='bbox 655 4303 720 4367; x_wconf 71' lang='lat' dir='ltr'>Ml?</span> <span class='ocrx_word' id='word_1_302' title='bbox 783 4305 813 4354; x_wconf 90' lang='lat'>15</span> <span class='ocrx_word' id='word_1_303' title='bbox 829 4303 996 4367; x_wconf 61' lang='lat' dir='ltr'>temporat)</span> <span class='ocrx_word' id='word_1_304' title='bbox 1007 4303 1050 4364; x_wconf 73' lang='lat' dir='ltr'>rlI;</span> <span class='ocrx_word' id='word_1_305' title='bbox 1071 4306 1105 4365; x_wconf 81' lang='lat' dir='ltr'>ef.</span> <span class='ocrx_word' id='word_1_306' title='bbox 1123 4302 1233 4351; x_wconf 75' lang='lat' dir='ltr'>Darairl.</span> <span class='ocrx_word' id='word_1_307' title='bbox 1254 4304 1278 4362; x_wconf 80' lang='lat'>7,</span> <span class='ocrx_word' id='word_1_308' title='bbox 1293 4306 1336 4351; x_wconf 83' lang='lat'>25.</span> <span class='ocrx_word' id='word_1_309' title='bbox 1352 4303 1392 4364; x_wconf 84' lang='lat'>12,</span> <span class='ocrx_word' id='word_1_310' title='bbox 1410 4303 1434 4351; x_wconf 84' lang='lat'>7.</span> 
     </span>
     <span class='ocr_line' id='line_1_37' title="bbox 288 4382 1433 4449; baseline -0.002 -16"><span class='ocrx_word' id='word_1_311' title='bbox 288 4385 400 4447; x_wconf 79' lang='lat' dir='ltr'>Apocal.</span> <span class='ocrx_word' id='word_1_312' title='bbox 423 4385 464 4442; x_wconf 82' lang='lat'>12,</span> <span class='ocrx_word' id='word_1_313' title='bbox 481 4385 524 4446; x_wconf 70' lang='lat'>14,</span> <span class='ocrx_word' id='word_1_314' title='bbox 539 4385 640 4446; x_wconf 73' lang='lat' dir='ltr'>osores</span> <span class='ocrx_word' id='word_1_315' title='bbox 655 4389 684 4433; x_wconf 89' lang='lat' dir='ltr'>et</span> <span class='ocrx_word' id='word_1_316' title='bbox 698 4384 835 4449; x_wconf 89' lang='lat' dir='ltr'>temporis</span> <span class='ocrx_word' id='word_1_317' title='bbox 850 4384 944 4433; x_wconf 74' lang='lat' dir='ltr'>ordo?</span> <span class='ocrx_word' id='word_1_318' title='bbox 1007 4384 1038 4432; x_wconf 56' lang='lat' dir='ltr'>dl</span> <span class='ocrx_word' id='word_1_319' title='bbox 1055 4390 1233 4433; x_wconf 80' lang='lat' dir='ltr'>caracterem</span> <span class='ocrx_word' id='word_1_320' title='bbox 1244 4382 1276 4431; x_wconf 85' lang='lat' dir='ltr'><em>M</em></span> <span class='ocrx_word' id='word_1_321' title='bbox 1337 4383 1367 4431; x_wconf 67' lang='lat' dir='ltr'>a?</span> <span class='ocrx_word' id='word_1_322' title='bbox 1384 4397 1433 4447; x_wconf 89' lang='lat' dir='ltr'>po·</span> 
     </span>
     <span class='ocr_line' id='line_1_38' title="bbox 288 4463 1433 4526; baseline -0.003 -9"><span class='ocrx_word' id='word_1_323' title='bbox 288 4463 649 4517; x_wconf 82' lang='lat' dir='ltr'>tentissimefficacissimns</span> <span class='ocrx_word' id='word_1_324' title='bbox 671 4463 702 4512; x_wconf 86' lang='lat' dir='ltr'><em>M</em></span> <span class='ocrx_word' id='word_1_325' title='bbox 708 4466 714 4498; x_wconf 87' lang='lat'><strong>¹</strong></span> <span class='ocrx_word' id='word_1_326' title='bbox 778 4464 810 4513; x_wconf 83' lang='grc'>28</span> <span class='ocrx_word' id='word_1_327' title='bbox 825 4463 946 4514; x_wconf 82' lang='lat' dir='ltr'>hebreos</span> <span class='ocrx_word' id='word_1_328' title='bbox 968 4463 1000 4512; x_wconf 89' lang='grc' dir='ltr'><em>Μ</em></span> <span class='ocrx_word' id='word_1_329' title='bbox 1062 4463 1141 4514; x_wconf 64' lang='grc'>2829</span> <span class='ocrx_word' id='word_1_330' title='bbox 1158 4463 1330 4514; x_wconf 78' lang='lat' dir='ltr'>Ecclesiaalea</span> <span class='ocrx_word' id='word_1_331' title='bbox 1353 4464 1385 4526; x_wconf 76' lang='grc'>1,</span> <span class='ocrx_word' id='word_1_332' title='bbox 1401 4466 1433 4514; x_wconf 77' lang='lat'>12</span> 
     </span>
    </p>
   </div>
   <div class='ocr_carea' id='block_1_7' title="bbox 0 0 1751 5108">
    <p class='ocr_par' dir='ltr' id='par_1_14' title="bbox 0 0 1751 5108">
     <span class='ocr_line' id='line_1_39' title="bbox 0 0 1751 5108; baseline 0 0"><span class='ocrx_word' id='word_1_333' title='bbox 0 0 1751 5108; x_wconf 95' lang='lat' dir='ltr'> </span> 
     </span>
    </p>
   </div>
  </div>
 </body>
</html>
