3488 5108
297 381 358 442 228
737 394 875 443 reanum
895 395 997 440 nurui

387 553 485 619 Oiroa
504 552 736 635 undecimum,
755 552 990 618 intentionum
1005 549 1232 618 secundarum
1251 551 1339 617 aliae
1361 575 1435 619 mo·

297 680 402 762 rales,
424 680 511 746 aliae
535 681 738 764 rationales,
758 679 846 745 aliae
868 679 1151 761 mathematicae3
1175 701 1217 743 ex
1241 679 1366 764 quibus
1385 702 1434 745 se·

297 813 451 891 quuntur
469 829 603 894 praxes.

383 932 483 998 Circa
502 933 754 1017 duodecimum,
767 932 908 999 effectus
927 931 1191 1018 distinguuntur
1203 932 1291 998 sicut
1304 941 1339 1000 et
1355 955 1433 1022 ope·

251 1073 272 1137 5
295 1058 458 1141 rationes,
480 1082 628 1145 quorum
659 1059 720 1127 alii
749 1059 874 1142 divini,
894 1058 955 1123 alii
974 1059 1164 1141 naturales,
1188 1058 1249 1124 alii
1268 1059 1430 1125 artificia-

293 1182 363 1269 les;
382 1184 556 1252 ethorum
574 1186 635 1252 alii
653 1185 920 1269 intentionales,
940 1184 1000 1250 alii
1016 1184 1173 1271 practici.

381 1311 482 1378 Oinoa
500 1312 827 1396 decimumtertium,
848 1311 1096 1378 attributorum
1112 1311 1181 1378 alia
1200 1319 1282 1378 sunt
1299 1335 1432 1401 respec-

293 1437 377 1520 tiva,
399 1437 467 1503 alia
485 1436 653 1504 absoluta.

380 1562 481 1630 Circa
504 1563 855 1649 decimumquartum,
883 1562 1035 1650 partium
1059 1562 1148 1628 aliae
1177 1561 1322 1649 primae,
1342 1563 1430 1629 aliae

226 1698 268 1762 10
289 1690 480 1776 proximae,
505 1691 593 1757 aliae
616 1690 772 1771 ultimae;
796 1690 884 1755 aliae
906 1711 1067 1776 magnae,
1087 1688 1176 1755 aliae
1194 1712 1336 1777 parvae,
1360 1712 1429 1755 me-

290 1814 405 1881 diatae
421 1823 485 1882 ete.

378 1939 478 2007 Oinoa
489 1939 832 2025 decimumquintum,
843 1939 1021 2032 signorum
1034 1941 1102 2005 alia
1111 1939 1239 2023 divina,
1250 1939 1318 2006 alia
1329 1946 1429 2005 natu-

289 2065 389 2149 ralia,
403 2065 472 2133 ulia
491 2066 496 2154 Ι
516 2065 673 2131 technioa
688 2071 750 2133 eto.
764 2065 859 2131 Haeo
874 2065 1205 2150 subdistinguuntur
1220 2073 1260 2132 ut
1275 2065 1426 2131 effeetus.
1453 2062 1571 2126 193⁹

466 2273 766 2337 Dessnluntur
780 2289 789 2335 :

225 2455 266 2520 15
378 2453 408 2516 1.
431 2452 538 2518 Entia
567 2475 625 2518 seu
655 2451 871 2519 substantiae
899 2475 961 2538 per
983 2453 1149 2519 terminos
1177 2455 1367 2541 explicatos
1386 2455 1424 2520 iu

288 2603 306 2639 a
332 2602 350 2639 a
377 2601 396 2640 a
422 2575 550 2661 radice,
571 2577 690 2665 stipite
709 2584 743 2642 et
763 2583 906 2643 caetera.

376 2704 405 2767 2.
423 2702 635 2790 Cetegoriae,
652 2724 740 2787 quae
759 2702 959 2790 significant
978 2703 1216 2789 substantiam,
1231 2728 1292 2792 per
1311 2707 1426 2772 termi-

286 2850 348 2894 nos
366 2829 499 2915 primae
518 2828 649 2915 stipitis
666 2829 813 2912 activae,
832 2828 966 2914 reliqua
983 2828 1176 2894 accidentia
1195 2852 1256 2916 per
1274 2831 1424 2916 reliquas

287 2953 433 3039 stipites.

220 3079 264 3143 ‘20
374 3080 403 3143 3.
427 3078 609 3144 Potentiae
628 3101 689 3166 per
708 3079 937 3165 operationes,
958 3085 997 3144 ut
1016 3079 1235 3148 'sensitivum
1254 3082 1346 3167 quod
1364 3104 1421 3169 po·

286 3209 354 3268 test
373 3203 526 3269 sentire‘.

373 3331 404 3395 4.
428 3331 578 3397 Habitus
597 3353 660 3418 per
678 3337 774 3398 aetus
785 3384 791 3415 ,
804 3331 858 3398 'ut
871 3355 926 3398 ars
944 3332 1140 3399 fabricandi
1160 3340 1212 3398 est
1228 3354 1296 3417 qua
1315 3332 1423 3400 fabri·

286 3463 381 3524 cator
400 3455 607 3522 fabrefaeit³.

373 3582 403 3646 5.
426 3581 537 3647 Actus
555 3605 616 3670 per
635 3554 785 3669 obieeta,
806 3590 846 3650 ut
863 3582 996 3649 ‘videre
1014 3591 1066 3650 est
1085 3585 1216 3650 colores
1234 3584 1426 3672 apprehen·

218 3703 261 3767 25
284 3705 389 3790 dere',
405 3730 465 3774 seu
479 3730 542 3794 per
557 3708 727 3793 subiecta,
740 3715 779 3774 ut
792 3709 961 3796 'sculpere
977 3716 1028 3793 est
1045 3710 1233 3796 imaginem
1250 3734 1292 3776 ex
1307 3711 1423 3798 lapide

283 3830 455 3898 formare’.

375 4071 425 4122 4.5
442 4069 631 4138 Operationes
644 4076 688 4129 <et
700 4074 804 4131 Actus)
817 4073 850 4122 M
909 4075 960 4125 5.6
976 4075 1025 4124 alii
1043 4029 1220 4141 artificiales,
1241 4077 1290 4128 alii
1307 4031 1422 4131 natiua-

282 4150 324 4202 les
347 4151 405 4215 (ric)
429 4152 467 4202 A:
489 4152 539 4202 alii
558 4153 711 4205 Naturales
733 4155 771 4204 Et
791 4155 894 4206 horum
916 4159 941 4207 ὃ
963 4155 1151 4222 Artifieiales,
1172 4158 1222 4208 alii
1242 4160 1423 4211 Intentiona·

282 4233 324 4282 lea
344 4238 390 4282 etc.
413 4231 445 4281 M
521 4233 820 4299 ?.8resspeoteotiva
845 4235 869 4283 A
948 4239 978 4286 ll
1003 4243 1068 4296 ete]
1092 4238 1164 4288 aliae
1186 4239 1373 4292 Immediatae
1391 4242 1422 4290 M

282 4315 321 4362 14.
334 4327 361 4377 p.
373 4313 434 4377 230,
446 4315 462 4363 2
474 4329 523 4364 om.
536 4313 569 4364 Μ
625 4315 654 4363 16
671 4315 770 4365 lactina
783 4312 812 4363 ‹u'
825 4319 933 4378 quattro
947 4332 962 4365 ο
974 4314 1066 4380 eisque
1087 4318 1174 4368 lettere
1188 4317 1209 4367 A
1221 4337 1227 4370 τ
1238 4322 1314 4382 forse
1327 4323 1421 4378 <arbo
1488 4335 1490 4340 '

281 4394 334 4451 ris)
398 4400 520 4454 caetera]
543 4393 581 4444 sie
645 4398 674 4445 17
692 4395 926 4460 CethegoriaoA
995 4398 1024 4446 18
1046 4396 1083 4447 sic
1106 4398 1182 4461 (surb
1204 4402 1359 4464 corifasione
1382 4402 1422 4453 col

274 4472 422 4539 summittite
436 4477 549 4542 stips:
561 4471 683 4544 ἔρανοςῖ)
697 4477 720 4526 Α
783 4477 816 4527 25
831 4476 901 4540 dopo
919 4483 964 4526 est
978 4478 1096 4528 caracalla
1110 4480 1232 4545 lapidem
1247 4495 1282 4532 ex
1294 4483 1317 4531 A
