3488 5108
673 415 803 460 usuras
823 415 982 464 mmmm
1003 418 1211 464 srarvauvu.
1473 403 1512 463 35

368 569 535 636 ambabus
561 572 703 637 arrectis
728 572 814 639 alias
838 574 995 662 abripere
1014 583 1206 663 protentat‚
1224 577 1320 664 prius
1344 576 1508 663 abreptae

368 694 464 760 illam
493 694 679 783 effugiunt;
711 700 854 764 materia
882 701 974 766 enim
1009 701 1083 766 sine
1113 701 1349 789 praecedentis
1377 701 1508 767 formae

368 820 552 886 amissione
576 822 698 908 nequit
722 823 905 891 admittere
930 826 1195 911 subsequentem
1219 850 1278 893 seu
1303 827 1464 914 arripere.

457 945 578 1012 XXII.
602 948 749 1014 Currum
774 949 984 1036 intelligitur
1003 950 1129 1018 habere
1148 952 1276 1018 nullius
1296 951 1435 1038 effigiei,
1460 953 1510 1018 ita

324 1074 345 1138 5
368 1071 528 1139 confusas
557 1072 688 1139 habens
720 1074 865 1162 species,
886 1083 925 1140 ut
948 1082 983 1141 et
1006 1099 1124 1144 omnes
1148 1076 1197 1143 ibi
1220 1077 1338 1144 videas
1363 1077 1510 1143 intectas

367 1197 499 1285 pariter
533 1206 640 1284 atque
669 1199 796 1283 nullas;
821 1201 1007 1268 secundum
1038 1203 1131 1268 enim
1165 1202 1443 1269 commixtionem
1476 1209 1510 1268 et

368 1321 641 1411 complexionem
672 1325 787 1390 omnia
819 1325 900 1391 licet
930 1326 966 1392 in
1002 1327 1162 1393 omnibus
1186 1327 1285 1413 quasi
1310 1350 1371 1414 per
1398 1327 1510 1393 lenius

366 1448 569 1535 phantasiae
600 1451 771 1516 somnium
801 1450 937 1516 intueri.
963 1452 1063 1519 Unde
1086 1450 1230 1539 ‘hylem'
1255 1452 1353 1540 quasi
1376 1454 1510 1540 sylvam

367 1574 558 1660 appellant,
584 1582 619 1640 et
642 1576 742 1642 Plato
766 1576 803 1641 in
832 1577 1019 1643 Theaeteto
1043 1600 1118 1644 eam
1142 1576 1378 1644 multitudinis
1405 1586 1440 1643 et
1464 1579 1511 1645 al-

303 1698 345 1760 10
367 1700 518 1767 teritatis
553 1701 731 1788 regionem
766 1702 916 1769 incolere
946 1702 1044 1785 dicit,
1075 1727 1162 1790 quae
1190 1704 1290 1771 nobis
1317 1727 1379 1792 per
1406 1704 1510 1771 infor·

366 1848 455 1891 mem
479 1827 800 1913 multiformemque
824 1851 963 1894 currum
987 1829 1212 1916 significetur.

456 1952 596 2018 XXIII.
622 1953 706 2019 Eius
730 1975 944 2041 progressus¹
961 1976 1148 2041 regressus,
1164 1977 1235 2021 non
1250 1978 1312 2042 per
1330 1954 1510 2043 proprium

367 2084 513 2162 motum,
538 2077 597 2143 sed
620 2101 683 2166 per
705 2079 792 2144 lucis
817 2080 1088 2146 contractionem
1112 2088 1146 2167 et
1170 2081 1415 2168 expansionem
1435 2079 1509 2144 fieri

366 2202 603 2289 intelligimus.
627 2202 709 2270 Ideo
741 2206 833 2270 enim
868 2205 945 2271 Nox
973 2205 1016 2271 ab
1046 2212 1125 2271 ortu
1156 2205 1193 2271 in
1229 2227 1385 2272 occasum
1416 2205 1507 2292 bigis

299 2330 343 2394 15
365 2327 516 2394 trahitur
539 2334 573 2394 et
592 2328 751 2417 appellit,
777 2329 858 2416 quia
877 2329 982 2396 Titan
1001 2332 1045 2397 ab
1062 2353 1183 2397 occasu
1201 2331 1368 2418 remigrat
1391 2330 1435 2397 ad
1459 2354 1511 2398 or-

365 2459 454 2537 tum,
471 2452 720 2522 adnotandum
745 2454 837 2541 quod
854 2462 966 2522 motus
990 2455 1042 2521 illi
1060 2479 1122 2544 per
1141 2456 1298 2523 accidens
1318 2455 1507 2540 t1·ibuatur;

364 2578 433 2647 luci
469 2581 561 2646 enim
593 2582 772 2669 proprium
796 2587 848 2647 est
875 2589 915 2646 ut
944 2583 1096 2668 attingat
1111 2605 1145 2681 a
1172 2582 1240 2648 fine
1270 2581 1314 2647 ad
1341 2581 1446 2647 finem
1473 2587 1508 2646 et

365 2713 403 2771 ut
427 2704 473 2772 sit
496 2728 610 2770 rerum
636 2704 791 2772 onmium
815 2705 1052 2772 mobilissima.

453 2831 587 2897 XXIV.
612 2831 740 2896 Lucem
769 2831 876 2897 iactat
904 2841 1037 2919 patrem
1062 2854 1173 2917 nequo
1197 2833 1302 2898 alium
1326 2840 1506 2919 parentem

296 2963 342 3027 20
363 2956 483 3040 habet,
513 2962 683 3042 quatenus
711 2956 877 3044 principii
900 2957 1070 3022 rationem
1095 2955 1198 3022 habet
1222 2967 1257 3023 et
1275 2957 1443 3022 bonitatis
1469 2957 1505 3022 in

364 3105 477 3148 rerum
502 3081 784 3169 compositionem
810 3082 951 3147 veniens
975 3082 1148 3169 particeps
1176 3081 1338 3165 efficitur;
1362 3092 1401 3148 ut
1425 3104 1506 3147 vero

364 3206 533 3273 unitatem
557 3207 662 3272 habet
690 3213 724 3271 et
752 3207 789 3272 in
817 3207 958 3294 proprio
982 3230 1053 3272 esse
1077 3208 1273 3286 veritatem,
1299 3209 1351 3272 vel
1377 3207 1505 3273 Orcum

363 3333 467 3398 habet
491 3339 669 3419 parent-em
694 3332 749 3397 vel
773 3331 918 3398 nullum.

453 3457 568 3523 XXV.
593 3456 715 3522 Fallax
743 3465 777 3523 et
801 3458 948 3523 mendax
972 3458 1218 3545 proclamatur,
1243 3457 1324 3542 quia
1348 3479 1425 3522 cum
1451 3458 1507 3522 ‹le-

294 3588 340 3652 25
363 3583 487 3650 siderio
512 3592 547 3650 ct
570 3584 696 3649 amoris
719 3583 970 3670 pollicitatione
994 3583 1062 3649 luci
1083 3585 1278 3670 copulatur,
1296 3606 1374 3649 cum
1391 3583 1504 3649 taedio

363 3717 397 3775 et
421 3710 662 3798 aspernatione
679 3709 790 3775 lucem
807 3710 947 3793 retinet,
965 3732 1042 3774 cum
1061 3710 1139 3774 ollio
1156 3709 1304 3774 (limittit
1321 3716 1355 3773 et
1373 3708 1505 3775 abiicit.

363 3834 515 3902 Affectat
539 3835 631 3900 enim
655 3834 782 3900 formas
798 3857 883 3921 <luas
908 3856 977 3899 non
1001 3834 1119 3915 habet,
1136 3856 1222 3919 quas
1238 3833 1342 3899 habet
1358 3833 1502 3920 spernit,

457 4155 469 4202 l
483 4151 603 4203 arrectis
618 4149 762 4201 acriviame
771 4168 824 4215 per
835 4151 962 4217 abreptis
980 4155 1035 4215 (ma
1050 4166 1112 4201 arr·
1126 4151 1180 4213 Al),
1192 4147 1285 4214 potato
1301 4147 1376 4213 iper
1394 4150 1418 4199 lo
1430 4164 1504 4199 mccc

361 4232 812 4297 inutilcabreptianrritoaclalias
860 4238 1005 4297 pertentat
1016 4231 1047 4280 M
1094 4231 1208 4280 aulum
1221 4230 1279 4279 Al!
1324 4231 1463 4280 4habens
1474 4229 1507 4279 M

363 4316 472 4378 figurae
490 4329 512 4363 s.
526 4312 627 4373 effigiei
646 4312 677 4361 ll!
741 4311 905 4376 birnpiotaa
922 4312 963 4360 ll:
981 4310 1011 4361 in
1029 4312 1050 4359 A
1068 4311 1206 4361 letatura
1223 4326 1238 4360 e
1255 4309 1326 4359 della
1341 4311 1442 4374 parole
1464 4311 1505 4360 in·

363 4402 454 4447 tectas
467 4412 520 4444 non
536 4393 549 4443 t
565 4394 663 4444 chiara
731 4394 747 4442 9
763 4394 920 4444 Theaeteto
932 4395 969 4442 A:
985 4393 1101 4443 Timaeo
1119 4392 1162 4453 M,
1177 4409 1189 4442 e
1203 4398 1273 4442 certo
1289 4391 1311 4439 il
1322 4391 1419 4442 Bruao
1433 4393 1504 4441 aare

363 4482 442 4526 arato
455 4475 484 4525 ia
496 4481 577 4524 urente
592 4474 611 4523 il
627 4473 712 4525 Yinrro
776 4476 806 4524 15
823 4481 852 4525 et
864 4473 942 4531 (alis)
955 4473 1076 4538 appellit
1089 4471 1118 4522 Μ
1182 4471 1211 4522 17
1227 4471 1300 4523 lucis
1313 4471 1346 4522 M
