3488 5108
287 361 347 419 310
727 370 867 416 mansur
887 371 989 416 naum

287 552 322 594 se
341 550 588 594 enumeramus.
608 527 731 612 Itaque
750 551 866 594 omnes
884 528 1060 614 hueusque
1085 527 1328 593 convenientes
1353 548 1426 613 per·

287 663 470 743 venerunt,
490 656 582 744 quod
601 656 761 721 dualitati
786 656 959 741 quandam
990 662 1150 721 naturam
1179 662 1425 744 supponerent.

287 784 329 848 In
341 783 409 847 fine
421 804 502 848 vero
515 781 557 847 de
569 781 750 869 principiis
766 787 910 845 naturae
925 803 987 867 per
999 804 1034 845 se
1046 781 1262 866 dementem
1280 780 1428 847 formam

285 915 544 996 permanentem
565 908 569 994 Ι
590 917 757 991 tanquam
772 912 906 992 patrem
919 928 988 971 una
1001 928 1077 972 cum
1097 907 1242 972 materia
1257 913 1426 992 tanquam
1453 910 1544 974 34¹
1556 910 1606 973 Β

242 1036 263 1097 5
286 1040 396 1100 matre
408 1033 582 1099 efferimus
596 1033 679 1097 etin
692 1031 1266 1118 considerationempromovemus,
1281 1032 1426 1098 alteram

286 1181 368 1225 vero
387 1158 659 1245 eontralrietatis
679 1165 825 1245 partem,
846 1179 934 1242 quae
953 1180 1013 1244 per
1032 1139 1318 1243 imaginationem
1335 1156 1428 1222 vide-
1454 1159 1544 1223 222
1558 1158 1595 1222 G

288 1292 344 1350 tur
362 1285 406 1351 ad
425 1284 631 1350 maleficium
651 1285 765 1370 potius
785 1282 975 1365 intendere,
996 1280 1155 1367 quamvis
1174 1304 1244 1347 non
1268 1281 1315 1346 sit
1334 1280 1430 1369 peni·

287 1417 343 1476 tus
361 1410 529 1493 malefica,
549 1408 859 1497 praetermittimus
878 1408 934 1472 vel
953 1414 1119 1492 tanquam
1139 1405 1352 1494 principium
1368 1427 1430 1493 per

287 1536 444 1602 accidens
463 1535 565 1602 dietis
585 1535 626 1600 de
646 1535 757 1602 causis
777 1556 1072 1600 connumeramus.

222 1776 264 1839 10
402 1808 436 1847 81.
451 1805 574 1846 nanneno
589 1806 656 1846 trium
671 1806 846 1855 minotaurum,
861 1816 889 1845 ax
903 1816 948 1855 qua
961 1805 1059 1845 infertur
1074 1806 1183 1845 materiae
1199 1805 1311 1847 ‹tofinltte

375 2011 501 2077 Tribus
524 2032 606 2096 ergo
630 2010 872 2093 existentibus,
904 2019 1024 2098 utpote
1053 2011 1164 2078 forma
1193 2021 1360 2099 tanquam
1391 2037 1428 2080 re

287 2136 377 2202 bona
395 2142 429 2201 et
448 2135 631 2223 appetibili
649 2134 781 2219 divina,
802 2142 837 2202 et
854 2137 1050 2224 privatione
1064 2160 1188 2226 nempe
1208 2138 1275 2226 ipsi
1293 2139 1424 2205 formae

288 2260 476 2342 contraria,
496 2266 530 2325 et
549 2260 701 2326 subiecto
717 2259 753 2324 id
773 2267 825 2325 est
843 2262 999 2343 materia,
1018 2285 1105 2348 quae
1121 2270 1272 2330 nataest
1296 2264 1426 2329 bonum

288 2386 401 2473 ipsum
421 2394 582 2473 appetere
602 2395 636 2452 et
655 2386 862 2472 desiderare,
882 2388 988 2454 idest
1017 2390 1061 2454 ad
1092 2390 1184 2475 quod
1213 2389 1340 2456 habeat
1369 2413 1426 2475 ap-

223 2517 264 2580 15
288 2513 424 2599 pulsum
443 2520 478 2577 et
496 2512 738 2598 potentiam-
750 2522 753 2598 t
766 2512 891 2597 quibus
904 2514 1086 2597 stantibus
1101 2514 1198 2581 iuxta
1210 2514 1428 2601 quorundam
1452 2514 1603 2580 34OE

288 2637 487 2723 opinionem
506 2637 597 2702 inter
616 2637 796 2702 materiam
815 2647 849 2703 et
867 2639 1100 2725 privationem
1123 2662 1193 2705 non
1213 2640 1429 2727 distinguen-

287 2762 393 2847 tium,
413 2762 539 2827 aooidit
557 2769 597 2827 ut
616 2764 839 2847 eontrarium,
860 2763 895 2828 id
912 2769 963 2829 est
977 2764 1142 2851 privatio,
1163 2770 1306 2851 appetat
1330 2788 1427 2830 suam

288 2888 553 2974 corruptionem,
575 2889 655 2974 quia
684 2890 828 2954 materia
861 2890 995 2975 appetit
1025 2890 1187 2972 formam3
1219 2889 1311 2975 quod
1341 2914 1422 2956 sane

287 3013 474 3079 absurdum
493 3021 558 3079 est:
576 3014 677 3080 nobis
701 3037 781 3080 vero
805 3014 1101 3100 distinguentibus
1132 3017 1278 3081 alterurn
1308 3040 1425 3083 eorum

221 3149 266 3212 20
288 3139 332 3203 ab
356 3138 480 3220 altero,
507 3139 699 3224 appetitum
723 3147 757 3202 et
784 3140 967 3225 appulsum
992 3140 1225 3206 tribuentibus
1246 3141 1427 3225 materiae,

288 3265 460 3329 contrario
480 3287 560 3329 vero
580 3264 830 3351 oppositionem
855 3265 951 3331 iilam
981 3288 1040 3330 seu
1070 3266 1289 3351 negationem
1321 3290 1427 3351 quan-

288 3390 366 3455 ‹lam
399 3413 476 3456 eum
505 3390 700 3456 sublatente
730 3391 987 3474 contrarietate,
1013 3391 1076 3456 hoe
1101 3393 1213 3478 ipsum
1238 3391 1424 3457 absurdum

286 3538 357 3581 non
377 3516 558 3601 contingit.
581 3515 658 3580 Stat
677 3538 759 3601 ergo
780 3517 922 3581 matoria
944 3539 1031 3601 quae
1049 3540 1118 3583 non
1134 3525 1186 3582 est
1202 3519 1427 3592 eontrarium,

287 3650 322 3706 et
338 3642 548 3706 contrarium
571 3641 663 3726 quod
683 3663 752 3706 uon
771 3650 822 3706 est
842 3641 1014 3727 indigens,
1033 3649 1067 3707 et
1087 3643 1183 3709 ouius
1202 3646 1317 3729 potius
1338 3652 1428 3709 esset

221 3780 264 3842 25
288 3791 503 3855 corrumpere
526 3775 560 3833 et
579 3766 746 3855 impedire
771 3791 875 3853 quain
894 3777 1055 3854 appetere
1074 3770 1129 3834 vel
1149 3771 1332 3855 suscipere,
1355 3772 1420 3837 hoo

288 3915 368 3958 vero
399 3893 561 3957 materiae
592 3893 765 3976 convenit,
798 3916 885 3977 qnae
916 3917 950 3958 se
980 3894 1084 3958 habet
1109 3895 1152 3960 ad
1170 3894 1316 3960 formam
1336 3896 1430 3961 siout

288 4018 438 4083 foemina
458 4018 501 4084 ad
524 4020 726 4101 masculum,
754 4041 877 4104 nempe
907 4021 996 4084 siout
1021 4020 1254 4105 suseeptivum
1275 4021 1318 4085 ad
1338 4019 1425 4085 illud

383 4349 398 4397 3
414 4354 534 4400 naturae
548 4349 654 4400 Swtzle:
670 4356 774 4401 natura
788 4351 813 4399 E
857 4353 873 4401 8
890 4350 1027 4418 malefica]
1042 4350 1182 4402 maleficia
1196 4351 1223 4400 Ε
1266 4351 1282 4400 9
1298 4349 1332 4400 de
1346 4347 1433 4399 dietis

291 4429 424 4481 causise
487 4432 516 4482 14
531 4433 566 4481 ud
580 4431 666 4482 οηι.0
728 4432 757 4480 17
775 4432 961 4483 idBthon
1022 4430 1336 4495 arergouzigituro
