3488 5108
285 375 343 435 366
722 388 861 435 renuam
880 388 983 434 aaran

285 543 425 610 turbine
443 551 662 631 spargeretur
668 568 675 626 ;
696 551 815 610 mutuo
834 543 943 629 igitur
960 567 1051 630 aqua
1069 551 1104 610 et
1122 551 1214 611 terra
1233 543 1423 610 terminant

285 674 321 734 et
343 669 586 735 consistentiae
611 669 781 736 rationem
812 669 1046 757 suppeditant.
1071 671 1141 736 Aer
1166 691 1248 737 voro
1272 675 1307 736 et
1330 668 1424 756 ignis

287 793 444 878 subinde,
464 793 530 859 duo
550 793 684 879 reliqua
707 795 884 877 elementa,
904 794 948 861 ad
967 794 1250 881 compositionem
1271 800 1353 861 sunt
1372 815 1427 858 ne·

287 918 446 1002 cessaria,
463 919 634 1005 siquidem
648 942 689 984 ex
704 919 888 985 contrariis
903 919 1030 985 debent
1042 919 1232 1007 composita
1245 917 1423 1002 constitui,

242 1051 264 1118 5
287 1043 574 1130 quemadmodum
592 1044 722 1132 pluries
741 1052 793 1111 est
811 1044 1001 1111 definitum.
1021 1046 1085 1111 Est
1110 1052 1226 1111 antem
1244 1043 1338 1133 ignis
1354 1043 1427 1130 qui·

287 1170 364 1236 dem
390 1192 513 1256 aquae,
544 1177 603 1235 a'er
630 1193 712 1236 vero
739 1178 850 1239 terrae
880 1171 1082 1237 contrarius.
1111 1170 1181 1239 Ubi
1216 1192 1300 1258 ergo
1330 1177 1424 1236 terra

287 1295 461 1361 concurrit
474 1301 617 1383 propter
637 1295 860 1379 soliditatem,
877 1319 967 1382 aqua
985 1304 1127 1385 propter
1146 1295 1428 1362 terminationem

287 1427 323 1488 et
345 1421 498 1508 partium
516 1420 785 1504 cohaerentiam,
807 1429 1014 1488 concurrant
1043 1422 1149 1488 etiam
1168 1428 1305 1509 oportet
1334 1421 1428 1508 ignis

287 1552 322 1612 et
341 1554 399 1612 a'er
417 1553 559 1635 propter
578 1546 838 1634 compositionis
861 1547 1031 1613 rationem
1050 1570 1092 1613 ex
1116 1545 1308 1614 contrariis.
1329 1544 1430 1624 Quod

225 1671 423 1739 roratione
452 1673 639 1758 probatum
667 1679 732 1756 est,
763 1671 853 1737 idem
884 1672 990 1738 etiam
1021 1672 1121 1759 signo
1152 1679 1188 1738 et
1217 1671 1430 1759 experientia

288 1797 540 1885 comprobatur,
553 1797 835 1883 quandoquidem
851 1820 893 1862 ex
908 1797 1032 1864 iisdem
1048 1821 1102 1864 res
1119 1803 1279 1864 constant
1292 1803 1327 1862 et
1346 1797 1351 1885 Ι
1371 1819 1433 1862 nu·
1458 1806 1550 1870 66ν
1560 1806 1608 1868 Β

288 1923 456 2004 triuntur,
488 1944 530 1988 ex
549 1922 765 2010 simplicibus
794 1945 875 1989 vero
908 1923 998 1988 nihil
1027 1923 1206 2003 nutritur3
1239 1943 1309 1986 non
1339 1919 1433 1987 enim

289 2070 376 2134 pura
394 2055 487 2113 terra
506 2070 618 2134 neque
637 2070 728 2133 aqua
745 2070 857 2133 neque
880 2056 939 2114 aar
957 2070 1069 2134 neque
1087 2047 1181 2136 ignis
1199 2046 1282 2130 alit3
1313 2046 1430 2114 omnia

290 2173 382 2238 enim
402 2173 619 2261 expluribus
641 2174 859 2259 nutriuntur,
880 2174 1038 2259 quamvis
1071 2174 1239 2260 quaedam
1266 2171 1432 2239 videntur

225 2299 266 2364 15
290 2322 359 2365 uno
375 2298 513 2383 nutriri,
526 2307 566 2365 ut
580 2299 720 2387 plantae
736 2321 835 2384 aqua,
847 2320 918 2364 non
933 2305 1047 2365 tamen
1065 2299 1131 2366 hac
1146 2299 1228 2385 sola,
1241 2298 1301 2366 sed
1317 2304 1432 2364 certae

289 2431 401 2490 terrae
421 2423 584 2490 admixta.
615 2424 767 2490 Tandem
795 2424 883 2490 illud
902 2423 1110 2490 credendum
1128 2432 1195 2510 est,
1214 2425 1252 2490 in
1271 2422 1433 2490 omnibus

291 2548 429 2634 quidem
449 2550 649 2636 corporibus
668 2549 777 2615 mixta
793 2572 865 2614 esse
884 2547 1014 2631 omnia;
1032 2547 1115 2614 hinc
1132 2556 1168 2614 et
1181 2548 1275 2635 ignis
1292 2570 1430 2634 quoque

291 2673 445 2739 nutritur
468 2696 528 2740 suo
552 2674 666 2759 modo,
693 2696 764 2741 non
790 2697 877 2763 pura
896 2696 987 2759 aqua
1005 2673 1060 2741 vel
1084 2673 1152 2740 alio
1176 2696 1281 2761 pure,
1310 2672 1435 2739 sodex

290 2798 458 2887 pluribus

561 3065 677 3112 Quomodo
692 3066 810 3115 genoratio
824 3069 848 3104 ct
861 3066 976 3115 corruptio
992 3068 1165 3116 perpetuentur.

382 3282 507 3363 Causa,
539 3282 660 3366 quain
691 3289 870 3347 aeternum
901 3282 1003 3347 durat
1025 3290 1060 3346 et
1083 3280 1251 3347 continua
1280 3279 1430 3366 quadam
1456 3292 1600 3356 46v0

293 3411 506 3475 successione
524 3415 733 3497 perseverat,
754 3415 805 3473 est
824 3416 938 3475 motus
958 3407 1122 3474 caelestis.
1148 3409 1215 3474 Hie
1235 3415 1350 3475 autem
1369 3408 1432 3475 du·

293 3538 373 3624 plex
391 3543 461 3602 est:
488 3536 575 3602 alter
599 3536 660 3622 qui
679 3545 729 3600 est
748 3558 853 3622 supra
872 3536 959 3623 polis
978 3535 1111 3618 mundi,
1131 3558 1256 3623 nempe
1275 3535 1432 3620 diurnus,

294 3670 329 3728 et
344 3664 400 3729 hic
413 3664 487 3749 (qui
505 3670 558 3729 est
576 3686 710 3750 semper
729 3664 922 3743 continuus
943 3662 1123 3748 regularis)
1140 3685 1211 3726 non
1229 3668 1344 3749 potest
1363 3684 1436 3727 esse

228 3790 271 3855 25
296 3812 397 3855 causa
429 3789 680 3855 vicissitudinis
712 3797 747 3855 et
780 3789 1060 3876 permutationis,
1096 3789 1184 3855 alter
1216 3809 1297 3854 vero
1329 3810 1432 3875 supra

295 3918 384 4004 polis
402 3917 549 4000 zodiaci,
570 3918 630 4004 qui
643 3925 694 3983 est
706 3924 819 3983 motus
836 3916 1062 3982 secundorum
1073 3916 1254 3982 mobilium
1273 3915 1436 4000 obliquus

296 4046 339 4111 ab
358 4045 534 4111 occidente
550 4045 588 4112 in
607 4046 788 4129 orientem,
808 4065 876 4129 quo
895 4044 946 4110 sol
965 4067 1026 4130 per
1045 4043 1197 4110 medium
1209 4043 1304 4110 illius
1317 4064 1433 4109 annuo

389 4375 405 4423 2
422 4373 606 4438 suppeditant
622 4371 732 4421 Sttlzle:
752 4369 917 4436 suppeditat
933 4371 960 4421 E
1021 4373 1038 4422 8
1054 4383 1228 4422 concurrant
1246 4372 1357 4422 Sttlzte:
1373 4387 1438 4423 con-

298 4452 458 4503 curruntE
520 4453 551 4501 15
567 4453 619 4502 hac
631 4450 690 4501 noi:
708 4452 887 4503 acO:utac
902 4453 936 4501 B¹
952 4452 987 4516 (t)
1053 4453 1083 4502 17
1100 4453 1227 4502 mistaE
