3488 5108
367 395 409 452 66
807 405 947 450 :ornari
967 405 1070 450 nam

367 563 549 651 piendum.
568 561 660 647 qnod
679 561 763 627 haec
780 572 910 628 statua.
930 563 1019 627 sieut
1038 572 1073 627 et
1092 561 1195 641 aliae²
1214 578 1266 626 est
1290 562 1511 649 particularis

367 691 521 755 lucerna.
540 711 608 774 qua
626 709 808 774 possumus
832 687 994 753 universa
1017 688 1180 753 lustrare.
1205 688 1397 772 inquirere.
1417 689 1512 754 inve·

366 817 442 881 nire
463 832 498 879 et
520 836 583 901 per
606 813 763 879 ordinem
783 814 1000 893 examinum
1023 813 1079 878 hic
1098 814 1191 879 enim
1210 813 1242 879 si
1264 812 1307 878 de
1325 815 1441 879 anima
1459 814 1510 879 t'u-

367 962 466 1006 turm
493 954 581 1005 met
604 962 732 1021 sermo,
761 937 1020 1025 applicantibus
1048 939 1151 1004 huius
1181 954 1317 1005 statuae
1346 940 1510 1006 membris

321 1069 344 1130 5
366 1066 467 1132 facile
484 1067 651 1131 elucescet
670 1065 761 1129 ratio
784 1078 817 1128 et
841 1064 940 1145 ordo,
965 1087 1032 1149 qua
1056 1064 1221 1150 quilibet.
1237 1064 1424 1132 dummodo
1438 1090 1510 1133 non

363 1213 503 1280 prorsus
519 1193 611 1277 {uon}
626 1190 824 1277 imperitia,
838 1212 902 1276 pro
918 1213 978 1255 sua
994 1190 1089 1254 virili
1105 1208 1272 1276 tanquam
1285 1192 1323 1256 in
1334 1192 1380 1257 ob
1393 1193 1510 1258 oculos

363 1334 583 1406 praesentato
600 1316 691 1383 libro
714 1317 828 1404 legere
851 1317 960 1402 posit
980 1315 1130 1381 indicem
1154 1339 1293 1382 suarum
1317 1318 1510 1384 considera-

365 1443 516 1509 tionum.
535 1452 596 1508 nt:

453 1568 571 1633 Primo
589 1565 782 1633 consideret
811 1567 964 1632 animam
988 1568 1026 1633 in
1046 1591 1107 1634 sua
1127 1568 1273 1656 sphaera
1301 1590 1361 1632 mu
1389 1568 1509 1633 ordine

302 1696 345 1759 10
365 1693 474 1758 veluti
493 1694 531 1758 in
550 1716 662 1759 curru.

453 1818 498 1883 11.
522 1818 607 1883 Eam
628 1817 815 1883 secuudum
835 1841 908 1883 esse
927 1818 1136 1883 absolutum.

452 1943 517 2008 HL
547 1942 743 2008 Secundum
771 1944 941 2009 rationem
969 1945 1043 2009 eius
1070 1945 1321 2010 immutabilem
1348 1958 1384 2010 et
1411 1946 1649 2011 iuva-12'7'

365 2070 533 2135 riabilem

452 2195 513 2261 fv,
537 2196 733 2263 Secundum
746 2221 818 2264 esse
830 2199 903 2264 eius
915 2221 1036 2264 verum
1049 2208 1083 2264 et
1096 2201 1267 2265 rationem
1279 2201 1506 2266 essentialem.

299 2318 342 2382 15
452 2325 494 2388 Υ,
518 2324 668 2391 Ratione
687 2326 792 2391 etiam
811 2349 879 2411 qua
898 2349 960 2391 eus
978 2336 1039 2391 est.

452 2452 512 2518 VI.
538 2453 687 2518 Ratione
710 2476 778 2540 qua
802 2476 910 2519 unum
934 2454 970 2518 in
995 2454 1238 2539 singularitate
1257 2454 1406 2539 quadam
1426 2478 1506 2520 con·

364 2577 499 2643 sisteim

453 2702 530 2767 VII.
554 2703 756 2769 'ferminum
786 2705 860 2770 eius
894 2727 953 2770 seu
981 2706 1152 2770 rationem
1175 2728 1243 2790 qua
1266 2706 1341 2793 ipsa
1365 2713 1417 2771 est-
1442 2722 1508 2771 ter·

364 2829 488 2895 minus,

296 2949 341 3013 ’20
451 2955 540 3020 Item
560 2956 729 3041 quomodo
749 2978 855 3022 uuum
874 2957 1069 3023 universale
1088 2981 1147 3023 seu
1167 2958 1366 3023 universum
1390 2981 1449 3023 seu
1469 2957 1507 3022 in

362 3102 430 3166 flua
448 3081 674 3146 universitate
693 3082 747 3147 sit.

450 3207 628 3285 Quomodo
647 3207 820 3292 quoddam
838 3231 946 3294 genus
965 3211 1019 3273 rel
1040 3211 1076 3274 in
1098 3232 1166 3295 quo
1184 3232 1328 3294 genere:

450 3333 575 3409 Quales
594 3332 720 3399 habeat-
739 3334 868 3421 species
888 3337 943 3399 vel
963 3335 1076 3420 riualis
1096 3336 1142 3400 sit
1161 3336 1301 3421 species.

451 3458 575 3535 Qualia
595 3458 721 3524 habeat-
740 3459 962 3546 particularia
983 3461 1036 3525 vel
1056 3460 1158 3546 quale
1177 3460 1223 3524 sit
1243 3461 1462 3546 particulare.

450 3584 502 3648 De
521 3584 595 3650 eius
614 3584 749 3649 unitate
769 3585 957 3650 secuudum
977 3586 1169 3652 rationem:

452 3709 628 3788 Quomodo
647 3733 689 3775 ex
708 3711 783 3797 ipso
802 3733 943 3798 corpore
963 3713 1023 3777 fiat
1042 3735 1150 3777 unum
1171 3712 1373 3778 subiectum.

450 3837 627 3914 Quomodo
650 3839 723 3924 ipsa
748 3839 874 3904 eteius
894 3839 1050 3925 potentia
1070 3840 1116 3904 sit
1135 3862 1244 3904 unum
1265 3839 1467 3904 subiectum.

451 3962 502 4025 De
521 3962 594 4026 eius
613 3963 899 4050 incompositione
916 3972 951 4029 et
970 3965 1234 4051 compositione:

449 4232 533 4281 ouon
546 4247 594 4282 om.
605 4232 637 4281 Μ
641 4251 646 4281 :
658 4232 779 4283 abdiam
788 4233 922 4298 prefert'to
933 4237 1082 4285 cancellare
1092 4236 1112 4286 it
1124 4253 1181 4286 non
1194 4244 1313 4303 seyueute
1361 4239 1397 4287 15.
1410 4239 1440 4287 16
1451 4254 1500 4288 om.

362 4311 491 4360 inunieri
508 4311 539 4360 Μ
600 4316 631 4363 18
647 4313 679 4364 V.
699 4315 876 4378 Terminum,
894 4317 925 4366 a)
942 4317 1019 4374 (VI.)
1037 4318 1083 4367 lta
1101 4317 1159 4381 (sic)
1183 4318 1341 4382 quomodo,
1359 4319 1391 4367 22
1408 4317 1500 4376 (Vll.)

362 4393 509 4453 Quomodo
522 4409 534 4442 e
547 4395 577 4443 24
591 4394 699 4452 (VIII.)
710 4394 812 4455 Qualia
822 4396 854 4445 Μ
915 4398 946 4446 20
963 4414 1051 4447 unum
1065 4398 1275 4448 universalem
1286 4396 1428 4464 quoddam
1440 4400 1501 4449 uni·

364 4473 501 4523 versitate
514 4472 546 4523 Μ
605 4475 637 4524 26
646 4476 726 4537 sorte
739 4490 773 4525 cx
786 4476 848 4541 ipsa
863 4484 892 4527 at
906 4479 1044 4544 corpore?
1104 4479 1135 4528 ’Ξῖ
1153 4478 1213 4529 sint
1224 4478 1255 4528 Μ
