<?xml version="1.0" encoding="UTF-8"?>
<!DOCTYPE html PUBLIC "-//W3C//DTD XHTML 1.0 Transitional//EN"
    "http://www.w3.org/TR/xhtml1/DTD/xhtml1-transitional.dtd">
<html xmlns="http://www.w3.org/1999/xhtml" xml:lang="en" lang="en">
 <head>
  <title>
</title>
<meta http-equiv="Content-Type" content="text/html;charset=utf-8" />
  <meta name='ocr-system' content='tesseract 3.04.00' />
  <meta name='ocr-capabilities' content='ocr_page ocr_carea ocr_par ocr_line ocrx_word'/>
</head>
<body>
  <div class='ocr_page' id='page_1' title='image "./jordanibruninol05brungoog_0716.png"; bbox 0 0 3488 5108; ppageno 0'>
   <div class='ocr_carea' id='block_1_1' title="bbox 468 553 1231 973">
    <p class='ocr_par' dir='ltr' id='par_1_1' title="bbox 468 553 1231 973">
     <span class='ocr_line' id='line_1_1' title="bbox 468 553 1187 623; baseline 0.003 -13"><span class='ocrx_word' id='word_1_1' title='bbox 468 554 494 610; x_wconf 90' lang='lat' dir='ltr'>N</span> <span class='ocrx_word' id='word_1_2' title='bbox 514 553 543 609; x_wconf 85' lang='lat' dir='ltr'>Si</span> <span class='ocrx_word' id='word_1_3' title='bbox 559 554 714 623; x_wconf 85' lang='lat' dir='ltr'>fecithoc,</span> <span class='ocrx_word' id='word_1_4' title='bbox 731 555 829 610; x_wconf 83' lang='lat' dir='ltr'>factus</span> <span class='ocrx_word' id='word_1_5' title='bbox 846 561 892 611; x_wconf 86' lang='lat' dir='ltr'>est</span> <span class='ocrx_word' id='word_1_6' title='bbox 911 557 980 612; x_wconf 92' lang='lat' dir='ltr'>hinc</span> <span class='ocrx_word' id='word_1_7' title='bbox 996 555 1187 613; x_wconf 84' lang='lat' dir='ltr'>verecundus.</span> 
     </span>
     <span class='ocr_line' id='line_1_2' title="bbox 513 643 994 717; baseline 0.004 -18"><span class='ocrx_word' id='word_1_8' title='bbox 513 644 543 699; x_wconf 88' lang='lat' dir='ltr'>Si</span> <span class='ocrx_word' id='word_1_9' title='bbox 558 643 630 700; x_wconf 87' lang='lat' dir='ltr'>facit</span> <span class='ocrx_word' id='word_1_10' title='bbox 646 645 732 714; x_wconf 87' lang='lat' dir='ltr'>illud,</span> <span class='ocrx_word' id='word_1_11' title='bbox 749 651 854 717; x_wconf 86' lang='lat' dir='ltr'>postea</span> <span class='ocrx_word' id='word_1_12' title='bbox 870 647 994 702; x_wconf 79' lang='lat' dir='ltr'>erubuit</span> 
     </span>
     <span class='ocr_line' id='line_1_3' title="bbox 508 733 1051 808; baseline 0.006 -19"><span class='ocrx_word' id='word_1_13' title='bbox 508 735 539 789; x_wconf 85' lang='lat' dir='ltr'>Si</span> <span class='ocrx_word' id='word_1_14' title='bbox 554 733 626 791; x_wconf 88' lang='lat' dir='ltr'>fecit</span> <span class='ocrx_word' id='word_1_15' title='bbox 642 734 733 805; x_wconf 90' lang='lat' dir='ltr'>aliud,</span> <span class='ocrx_word' id='word_1_16' title='bbox 749 736 893 806; x_wconf 91' lang='lat' dir='ltr'>pudorem</span> <span class='ocrx_word' id='word_1_17' title='bbox 909 737 1051 808; x_wconf 80' lang='lat' dir='ltr'>concepit.</span> 
     </span>
     <span class='ocr_line' id='line_1_4' title="bbox 617 824 1231 902; baseline 0.01 -24"><span class='ocrx_word' id='word_1_18' title='bbox 617 824 696 896; x_wconf 82' lang='lat' dir='ltr'>Ergo</span> <span class='ocrx_word' id='word_1_19' title='bbox 713 825 807 880; x_wconf 89' lang='lat' dir='ltr'>bonus</span> <span class='ocrx_word' id='word_1_20' title='bbox 824 833 880 902; x_wconf 81' lang='lat' dir='ltr'>est,</span> <span class='ocrx_word' id='word_1_21' title='bbox 900 827 969 898; x_wconf 89' lang='lat' dir='ltr'>quia</span> <span class='ocrx_word' id='word_1_22' title='bbox 985 834 1033 884; x_wconf 88' lang='lat' dir='ltr'>est</span> <span class='ocrx_word' id='word_1_23' title='bbox 1046 827 1231 885; x_wconf 87' lang='lat' dir='ltr'>verecundus</span> 
     </span>
     <span class='ocr_line' id='line_1_5' title="bbox 614 911 1162 973; baseline 0.011 -6"><span class='ocrx_word' id='word_1_24' title='bbox 614 913 699 969; x_wconf 84' lang='lat' dir='ltr'>iuxta</span> <span class='ocrx_word' id='word_1_25' title='bbox 713 911 787 969; x_wconf 88' lang='lat' dir='ltr'>illud</span> <span class='ocrx_word' id='word_1_26' title='bbox 803 915 1039 972; x_wconf 65' lang='lat' dir='ltr'>‘Verecundiam</span> <span class='ocrx_word' id='word_1_27' title='bbox 1055 921 1162 973; x_wconf 62' lang='lat' dir='ltr'>sema?</span> 
     </span>
    </p>
   </div>
   <div class='ocr_carea' id='block_1_2' title="bbox 231 1132 1444 2292">
    <p class='ocr_par' dir='ltr' id='par_1_2' title="bbox 294 1132 1444 1538">
     <span class='ocr_line' id='line_1_6' title="bbox 374 1132 1442 1214; baseline 0.005 -21"><span class='ocrx_word' id='word_1_28' title='bbox 374 1133 500 1194; x_wconf 87' lang='lat' dir='ltr'>Homini</span> <span class='ocrx_word' id='word_1_29' title='bbox 524 1134 620 1212; x_wconf 89' lang='lat' dir='ltr'>probo</span> <span class='ocrx_word' id='word_1_30' title='bbox 639 1132 823 1194; x_wconf 89' lang='lat' dir='ltr'>verecundia</span> <span class='ocrx_word' id='word_1_31' title='bbox 850 1152 911 1193; x_wconf 91' lang='lat' dir='ltr'>non</span> <span class='ocrx_word' id='word_1_32' title='bbox 933 1134 1080 1213; x_wconf 89' lang='lat' dir='ltr'>competit</span> <span class='ocrx_word' id='word_1_33' title='bbox 1106 1144 1234 1214; x_wconf 87' lang='lat' dir='ltr'>propter</span> <span class='ocrx_word' id='word_1_34' title='bbox 1256 1157 1312 1197; x_wconf 90' lang='lat' dir='ltr'>sua</span> <span class='ocrx_word' id='word_1_35' title='bbox 1329 1137 1442 1198; x_wconf 88' lang='lat' dir='ltr'>delicta</span> 
     </span>
     <span class='ocr_line' id='line_1_7' title="bbox 294 1241 1444 1323; baseline 0.003 -21"><span class='ocrx_word' id='word_1_36' title='bbox 294 1244 344 1318; x_wconf 89' lang='lat' dir='ltr'>qui</span> <span class='ocrx_word' id='word_1_37' title='bbox 374 1288 449 1303; x_wconf 89' lang='lat'><strong>......</strong></span> <span class='ocrx_word' id='word_1_38' title='bbox 470 1242 475 1320; x_wconf 89' lang='grc' dir='ltr'>Ι</span> <span class='ocrx_word' id='word_1_39' title='bbox 494 1287 559 1301; x_wconf 89' lang='grc'><strong>.....</strong></span> <span class='ocrx_word' id='word_1_40' title='bbox 589 1241 706 1300; x_wconf 85' lang='lat' dir='ltr'>veritus</span> <span class='ocrx_word' id='word_1_41' title='bbox 736 1241 894 1318; x_wconf 87' lang='lat' dir='ltr'>improbus</span> <span class='ocrx_word' id='word_1_42' title='bbox 923 1241 985 1301; x_wconf 88' lang='lat' dir='ltr'>fiat.</span> <span class='ocrx_word' id='word_1_43' title='bbox 1013 1241 1170 1302; x_wconf 87' lang='lat' dir='ltr'>Seniorem</span> <span class='ocrx_word' id='word_1_44' title='bbox 1199 1243 1351 1304; x_wconf 90' lang='lat' dir='ltr'>homiuem</span> <span class='ocrx_word' id='word_1_45' title='bbox 1369 1247 1373 1323; x_wconf 94' lang='grc' dir='ltr'>Ι</span> <span class='ocrx_word' id='word_1_46' title='bbox 1393 1265 1444 1306; x_wconf 92' lang='lat' dir='ltr'>ne-</span> 
     </span>
     <span class='ocr_line' id='line_1_8' title="bbox 294 1348 1441 1431; baseline 0.003 -21"><span class='ocrx_word' id='word_1_47' title='bbox 294 1371 342 1410; x_wconf 88' lang='lat' dir='ltr'>mo</span> <span class='ocrx_word' id='word_1_48' title='bbox 360 1348 499 1409; x_wconf 81' lang='lat' dir='ltr'>laudabit</span> <span class='ocrx_word' id='word_1_49' title='bbox 513 1349 584 1425; x_wconf 83' lang='lat' dir='ltr'>quia</span> <span class='ocrx_word' id='word_1_50' title='bbox 596 1357 644 1408; x_wconf 87' lang='lat' dir='ltr'>est</span> <span class='ocrx_word' id='word_1_51' title='bbox 658 1348 864 1423; x_wconf 86' lang='lat' dir='ltr'>verecundus;</span> <span class='ocrx_word' id='word_1_52' title='bbox 886 1349 928 1408; x_wconf 90' lang='lat' dir='ltr'>nil</span> <span class='ocrx_word' id='word_1_53' title='bbox 944 1349 1024 1409; x_wconf 90' lang='lat' dir='ltr'>enim</span> <span class='ocrx_word' id='word_1_54' title='bbox 1043 1370 1135 1427; x_wconf 82' lang='lat' dir='ltr'>agore</span> <span class='ocrx_word' id='word_1_55' title='bbox 1154 1353 1159 1431; x_wconf 93' lang='grc' dir='ltr'>Ι</span> <span class='ocrx_word' id='word_1_56' title='bbox 1178 1351 1290 1412; x_wconf 87' lang='lat' dir='ltr'>debeat</span> <span class='ocrx_word' id='word_1_57' title='bbox 1308 1373 1364 1431; x_wconf 88' lang='lat' dir='ltr'>pro</span> <span class='ocrx_word' id='word_1_58' title='bbox 1383 1374 1441 1431; x_wconf 92' lang='lat' dir='ltr'>quo</span> 
     </span>
     <span class='ocr_line' id='line_1_9' title="bbox 295 1455 1442 1538; baseline 0.001 -19"><span class='ocrx_word' id='word_1_59' title='bbox 295 1456 478 1519; x_wconf 88' lang='lat' dir='ltr'>verecundia</span> <span class='ocrx_word' id='word_1_60' title='bbox 504 1473 661 1531; x_wconf 81' lang='lat' dir='ltr'>emergere</span> <span class='ocrx_word' id='word_1_61' title='bbox 688 1455 776 1515; x_wconf 85' lang='lat' dir='ltr'>solet.</span> <span class='ocrx_word' id='word_1_62' title='bbox 797 1461 801 1534; x_wconf 94' lang='grc' dir='ltr'>Ι</span> <span class='ocrx_word' id='word_1_63' title='bbox 825 1456 955 1516; x_wconf 84' lang='lat' dir='ltr'>Frustra</span> <span class='ocrx_word' id='word_1_64' title='bbox 981 1477 1055 1533; x_wconf 87' lang='lat' dir='ltr'>crgo</span> <span class='ocrx_word' id='word_1_65' title='bbox 1083 1458 1112 1518; x_wconf 90' lang='lat' dir='ltr'>N</span> <span class='ocrx_word' id='word_1_66' title='bbox 1141 1478 1262 1538; x_wconf 86' lang='lat' dir='ltr'>semper</span> <span class='ocrx_word' id='word_1_67' title='bbox 1289 1469 1337 1519; x_wconf 89' lang='lat' dir='ltr'>est</span> <span class='ocrx_word' id='word_1_68' title='bbox 1359 1481 1442 1522; x_wconf 92' lang='lat' dir='ltr'>vere-</span> 
     </span>
    </p>

    <p class='ocr_par' dir='ltr' id='par_1_3' title="bbox 231 1561 1292 1644">
     <span class='ocr_line' id='line_1_10' title="bbox 231 1561 1292 1644; baseline 0.001 -20"><span class='ocrx_word' id='word_1_69' title='bbox 231 1561 273 1624; x_wconf 91' lang='lat' dir='ltr'>lO</span> <span class='ocrx_word' id='word_1_70' title='bbox 296 1564 422 1624; x_wconf 91' lang='lat' dir='ltr'>cundus.</span> <span class='ocrx_word' id='word_1_71' title='bbox 444 1561 665 1623; x_wconf 78' lang='lat' dir='ltr'>Verecundiam</span> <span class='ocrx_word' id='word_1_72' title='bbox 684 1566 688 1637; x_wconf 90' lang='grc' dir='ltr'>Ι</span> <span class='ocrx_word' id='word_1_73' title='bbox 708 1563 787 1622; x_wconf 91' lang='lat' dir='ltr'>euim</span> <span class='ocrx_word' id='word_1_74' title='bbox 806 1571 931 1623; x_wconf 88' lang='lat' dir='ltr'>servent</span> <span class='ocrx_word' id='word_1_75' title='bbox 949 1563 1035 1642; x_wconf 90' lang='lat' dir='ltr'>pueri</span> <span class='ocrx_word' id='word_1_76' title='bbox 1052 1573 1142 1641; x_wconf 89' lang='lat' dir='ltr'>atque</span> <span class='ocrx_word' id='word_1_77' title='bbox 1163 1567 1292 1644; x_wconf 89' lang='lat' dir='ltr'>puellae.</span> 
     </span>
    </p>

    <p class='ocr_par' dir='ltr' id='par_1_4' title="bbox 294 1672 1440 2073">
     <span class='ocr_line' id='line_1_11' title="bbox 373 1672 1440 1752; baseline 0.004 -21"><span class='ocrx_word' id='word_1_78' title='bbox 373 1674 469 1731; x_wconf 88' lang='lat' dir='ltr'>Amor</span> <span class='ocrx_word' id='word_1_79' title='bbox 485 1680 519 1731; x_wconf 89' lang='lat' dir='ltr'>ut</span> <span class='ocrx_word' id='word_1_80' title='bbox 537 1674 567 1730; x_wconf 91' lang='lat' dir='ltr'>in</span> <span class='ocrx_word' id='word_1_81' title='bbox 584 1680 704 1732; x_wconf 88' lang='lat' dir='ltr'>amante</span> <span class='ocrx_word' id='word_1_82' title='bbox 723 1679 782 1749; x_wconf 87' lang='lat' dir='ltr'>est,</span> <span class='ocrx_word' id='word_1_83' title='bbox 801 1673 926 1752; x_wconf 85' lang='lat' dir='ltr'>passive</span> <span class='ocrx_word' id='word_1_84' title='bbox 948 1672 1059 1733; x_wconf 86' lang='lat' dir='ltr'>dicitur</span> <span class='ocrx_word' id='word_1_85' title='bbox 1078 1684 1109 1734; x_wconf 90' lang='lat' dir='ltr'>et</span> <span class='ocrx_word' id='word_1_86' title='bbox 1127 1683 1175 1734; x_wconf 88' lang='lat' dir='ltr'>est</span> <span class='ocrx_word' id='word_1_87' title='bbox 1192 1675 1360 1747; x_wconf 87' lang='lat' dir='ltr'>vinculum,</span> <span class='ocrx_word' id='word_1_88' title='bbox 1380 1676 1440 1735; x_wconf 90' lang='lat' dir='ltr'>alio</span> 
     </span>
     <span class='ocr_line' id='line_1_12' title="bbox 294 1778 1440 1859; baseline 0.003 -20"><span class='ocrx_word' id='word_1_89' title='bbox 294 1781 384 1839; x_wconf 92' lang='lat' dir='ltr'>modo</span> <span class='ocrx_word' id='word_1_90' title='bbox 414 1778 525 1839; x_wconf 88' lang='lat' dir='ltr'>dicitur</span> <span class='ocrx_word' id='word_1_91' title='bbox 543 1778 655 1855; x_wconf 77' lang='lat' dir='ltr'>active,</span> <span class='ocrx_word' id='word_1_92' title='bbox 674 1778 706 1837; x_wconf 92' lang='lat' dir='ltr'>id</span> <span class='ocrx_word' id='word_1_93' title='bbox 726 1788 774 1839; x_wconf 87' lang='lat' dir='ltr'>est</span> <span class='ocrx_word' id='word_1_94' title='bbox 800 1779 880 1856; x_wconf 90' lang='lat' dir='ltr'>quod</span> <span class='ocrx_word' id='word_1_95' title='bbox 903 1800 1005 1839; x_wconf 88' lang='lat' dir='ltr'>amare</span> <span class='ocrx_word' id='word_1_96' title='bbox 1025 1786 1029 1859; x_wconf 94' lang='grc' dir='ltr'>Ι</span> <span class='ocrx_word' id='word_1_97' title='bbox 1047 1780 1137 1855; x_wconf 89' lang='lat' dir='ltr'>facit;</span> <span class='ocrx_word' id='word_1_98' title='bbox 1158 1789 1189 1842; x_wconf 88' lang='lat' dir='ltr'>et</span> <span class='ocrx_word' id='word_1_99' title='bbox 1216 1789 1264 1842; x_wconf 88' lang='lat' dir='ltr'>est</span> <span class='ocrx_word' id='word_1_100' title='bbox 1290 1783 1440 1859; x_wconf 91' lang='lat' dir='ltr'>quaedam</span> 
     </span>
     <span class='ocr_line' id='line_1_13' title="bbox 295 1885 1439 1968; baseline 0.003 -22"><span class='ocrx_word' id='word_1_101' title='bbox 295 1887 399 1946; x_wconf 83' lang='lat' dir='ltr'>diviua</span> <span class='ocrx_word' id='word_1_102' title='bbox 417 1887 465 1948; x_wconf 90' lang='lat' dir='ltr'>vis</span> <span class='ocrx_word' id='word_1_103' title='bbox 482 1887 513 1946; x_wconf 92' lang='lat' dir='ltr'>in</span> <span class='ocrx_word' id='word_1_104' title='bbox 530 1887 636 1962; x_wconf 88' lang='lat' dir='ltr'>rebus,</span> <span class='ocrx_word' id='word_1_105' title='bbox 661 1894 692 1945; x_wconf 91' lang='lat' dir='ltr'>et</span> <span class='ocrx_word' id='word_1_106' title='bbox 712 1885 762 1945; x_wconf 85' lang='lat' dir='ltr'>lric</span> <span class='ocrx_word' id='word_1_107' title='bbox 779 1895 828 1945; x_wconf 92' lang='lat' dir='ltr'>est</span> <span class='ocrx_word' id='word_1_108' title='bbox 849 1888 902 1947; x_wconf 91' lang='lat' dir='ltr'>ille</span> <span class='ocrx_word' id='word_1_109' title='bbox 919 1888 970 1964; x_wconf 87' lang='lat' dir='ltr'>qui</span> <span class='ocrx_word' id='word_1_110' title='bbox 988 1888 1091 1948; x_wconf 89' lang='lat' dir='ltr'>vincit.</span> <span class='ocrx_word' id='word_1_111' title='bbox 1114 1890 1155 1949; x_wconf 87' lang='lat' dir='ltr'>Et</span> <span class='ocrx_word' id='word_1_112' title='bbox 1178 1890 1300 1968; x_wconf 88' lang='lat' dir='ltr'>Orpheo</span> <span class='ocrx_word' id='word_1_113' title='bbox 1321 1900 1412 1968; x_wconf 87' lang='lat' dir='ltr'>atque</span> <span class='ocrx_word' id='word_1_114' title='bbox 1435 1891 1439 1967; x_wconf 94' lang='grc' dir='ltr'>Ι</span> 
     </span>
     <span class='ocr_line' id='line_1_14' title="bbox 295 1994 1440 2073; baseline 0.003 -19"><span class='ocrx_word' id='word_1_115' title='bbox 295 1995 446 2055; x_wconf 84' lang='lat' dir='ltr'>Mercurio</span> <span class='ocrx_word' id='word_1_116' title='bbox 465 2002 514 2054; x_wconf 91' lang='lat' dir='ltr'>est</span> <span class='ocrx_word' id='word_1_117' title='bbox 531 1994 669 2053; x_wconf 87' lang='lat' dir='ltr'>Daemon</span> <span class='ocrx_word' id='word_1_118' title='bbox 686 2013 827 2070; x_wconf 86' lang='lat' dir='ltr'>magnus,</span> <span class='ocrx_word' id='word_1_119' title='bbox 844 1995 986 2071; x_wconf 83' lang='lat' dir='ltr'>antiquus</span> <span class='ocrx_word' id='word_1_120' title='bbox 1006 2002 1076 2054; x_wconf 87' lang='lat' dir='ltr'>ante</span> <span class='ocrx_word' id='word_1_121' title='bbox 1094 1996 1252 2073; x_wconf 89' lang='lat' dir='ltr'>mundum,</span> <span class='ocrx_word' id='word_1_122' title='bbox 1271 2016 1328 2073; x_wconf 89' lang='lat' dir='ltr'>quo</span> <span class='ocrx_word' id='word_1_123' title='bbox 1347 1998 1440 2058; x_wconf 84' lang='lat' dir='ltr'>chaos</span> 
     </span>
    </p>

    <p class='ocr_par' dir='ltr' id='par_1_5' title="bbox 231 2101 1442 2292">
     <span class='ocr_line' id='line_1_15' title="bbox 231 2101 1442 2182; baseline -0.002 -15"><span class='ocrx_word' id='word_1_124' title='bbox 231 2105 272 2167; x_wconf 78' lang='lat'>15</span> <span class='ocrx_word' id='word_1_125' title='bbox 297 2109 507 2163; x_wconf 87' lang='lat' dir='ltr'>ornamentum</span> <span class='ocrx_word' id='word_1_126' title='bbox 524 2101 691 2178; x_wconf 89' lang='lat' dir='ltr'>appetebat</span> <span class='ocrx_word' id='word_1_127' title='bbox 710 2101 714 2182; x_wconf 97' lang='grc' dir='ltr'>Ι</span> <span class='ocrx_word' id='word_1_128' title='bbox 734 2112 859 2177; x_wconf 89' lang='lat' dir='ltr'>eratque</span> <span class='ocrx_word' id='word_1_129' title='bbox 880 2103 910 2161; x_wconf 92' lang='lat' dir='ltr'>in</span> <span class='ocrx_word' id='word_1_130' title='bbox 929 2101 995 2162; x_wconf 87' lang='lat' dir='ltr'>sino</span> <span class='ocrx_word' id='word_1_131' title='bbox 1012 2103 1103 2165; x_wconf 88' lang='lat' dir='ltr'>illius.</span> <span class='ocrx_word' id='word_1_132' title='bbox 1127 2104 1206 2175; x_wconf 87' lang='lat' dir='ltr'>Quia</span> <span class='ocrx_word' id='word_1_133' title='bbox 1222 2113 1322 2164; x_wconf 90' lang='lat' dir='ltr'>autem</span> <span class='ocrx_word' id='word_1_134' title='bbox 1344 2106 1375 2162; x_wconf 90' lang='lat' dir='ltr'>in</span> <span class='ocrx_word' id='word_1_135' title='bbox 1392 2126 1442 2182; x_wconf 86' lang='lat' dir='ltr'>ge·</span> 
     </span>
     <span class='ocr_line' id='line_1_16' title="bbox 296 2208 1441 2292; baseline 0.001 -21"><span class='ocrx_word' id='word_1_136' title='bbox 296 2211 455 2271; x_wconf 76' lang='lat' dir='ltr'>uenatione</span> <span class='ocrx_word' id='word_1_137' title='bbox 474 2218 619 2286; x_wconf 88' lang='lat' dir='ltr'>operatur</span> <span class='ocrx_word' id='word_1_138' title='bbox 634 2218 665 2270; x_wconf 91' lang='lat' dir='ltr'>et</span> <span class='ocrx_word' id='word_1_139' title='bbox 681 2231 762 2270; x_wconf 88' lang='lat' dir='ltr'>nova</span> <span class='ocrx_word' id='word_1_140' title='bbox 778 2208 852 2269; x_wconf 91' lang='lat' dir='ltr'>facit</span> <span class='ocrx_word' id='word_1_141' title='bbox 870 2220 902 2270; x_wconf 91' lang='lat' dir='ltr'>et</span> <span class='ocrx_word' id='word_1_142' title='bbox 916 2210 1075 2289; x_wconf 84' lang='lat' dir='ltr'>principiis</span> <span class='ocrx_word' id='word_1_143' title='bbox 1093 2211 1288 2292; x_wconf 56' lang='lat' dir='ltr'>domijuatur,</span> <span class='ocrx_word' id='word_1_144' title='bbox 1304 2222 1441 2272; x_wconf 85' lang='lat' dir='ltr'>senectu-</span> 
     </span>
    </p>
   </div>
   <div class='ocr_carea' id='block_1_3' title="bbox 294 2319 1439 2499">
    <p class='ocr_par' dir='ltr' id='par_1_6' title="bbox 294 2319 1439 2499">
     <span class='ocr_line' id='line_1_17' title="bbox 295 2319 1439 2396; baseline 0.003 -17"><span class='ocrx_word' id='word_1_145' title='bbox 295 2328 357 2380; x_wconf 90' lang='lat' dir='ltr'>tem</span> <span class='ocrx_word' id='word_1_146' title='bbox 374 2322 482 2396; x_wconf 84' lang='lat' dir='ltr'>fugere</span> <span class='ocrx_word' id='word_1_147' title='bbox 500 2328 532 2380; x_wconf 89' lang='lat' dir='ltr'>et</span> <span class='ocrx_word' id='word_1_148' title='bbox 549 2319 652 2380; x_wconf 91' lang='lat' dir='ltr'>odisse</span> <span class='ocrx_word' id='word_1_149' title='bbox 670 2319 796 2396; x_wconf 87' lang='lat' dir='ltr'>dicitur,</span> <span class='ocrx_word' id='word_1_150' title='bbox 814 2320 976 2380; x_wconf 90' lang='lat' dir='ltr'>iuvenibus</span> <span class='ocrx_word' id='word_1_151' title='bbox 993 2340 1026 2380; x_wconf 92' lang='lat' dir='ltr'>se</span> <span class='ocrx_word' id='word_1_152' title='bbox 1044 2321 1182 2395; x_wconf 86' lang='lat' dir='ltr'>miscere,</span> <span class='ocrx_word' id='word_1_153' title='bbox 1206 2322 1299 2382; x_wconf 85' lang='lat' dir='ltr'>duros</span> <span class='ocrx_word' id='word_1_154' title='bbox 1316 2321 1439 2382; x_wconf 88' lang='lat' dir='ltr'>habitus</span> 
     </span>
     <span class='ocr_line' id='line_1_18' title="bbox 294 2417 1439 2499; baseline 0.002 -21"><span class='ocrx_word' id='word_1_155' title='bbox 294 2417 426 2497; x_wconf 85' lang='lat' dir='ltr'>aufugit,</span> <span class='ocrx_word' id='word_1_156' title='bbox 446 2420 536 2479; x_wconf 88' lang='lat' dir='ltr'>mites</span> <span class='ocrx_word' id='word_1_157' title='bbox 555 2420 559 2499; x_wconf 96' lang='grc' dir='ltr'>Ι</span> <span class='ocrx_word' id='word_1_158' title='bbox 578 2420 745 2497; x_wconf 90' lang='lat' dir='ltr'>mollesque</span> <span class='ocrx_word' id='word_1_159' title='bbox 767 2420 932 2497; x_wconf 87' lang='lat' dir='ltr'>inhabitat,</span> <span class='ocrx_word' id='word_1_160' title='bbox 953 2420 1073 2482; x_wconf 84' lang='lat' dir='ltr'>iuvenis</span> <span class='ocrx_word' id='word_1_161' title='bbox 1095 2430 1127 2481; x_wconf 88' lang='lat' dir='ltr'>et</span> <span class='ocrx_word' id='word_1_162' title='bbox 1148 2421 1281 2483; x_wconf 86' lang='lat' dir='ltr'>tenellus</span> <span class='ocrx_word' id='word_1_163' title='bbox 1302 2467 1439 2482; x_wconf 85' lang='lat'><strong>..........</strong></span> 
     </span>
    </p>
   </div>
   <div class='ocr_carea' id='block_1_4' title="bbox 227 2527 1439 3562">
    <p class='ocr_par' dir='ltr' id='par_1_7' title="bbox 294 2527 849 2606">
     <span class='ocr_line' id='line_1_19' title="bbox 294 2527 849 2606; baseline -0.004 -17"><span class='ocrx_word' id='word_1_164' title='bbox 294 2529 425 2589; x_wconf 90' lang='lat' dir='ltr'>habetur</span> <span class='ocrx_word' id='word_1_165' title='bbox 441 2537 497 2588; x_wconf 91' lang='lat' dir='ltr'>etc.</span> <span class='ocrx_word' id='word_1_166' title='bbox 518 2527 598 2587; x_wconf 85' lang='lat' dir='ltr'>Vide</span> <span class='ocrx_word' id='word_1_167' title='bbox 616 2527 849 2606; x_wconf 85' lang='lat' dir='ltr'>Polyautheam.</span> 
     </span>
    </p>

    <p class='ocr_par' dir='ltr' id='par_1_8' title="bbox 227 2637 1439 3150">
     <span class='ocr_line' id='line_1_20' title="bbox 227 2637 1439 2720; baseline -0.003 -18"><span class='ocrx_word' id='word_1_168' title='bbox 227 2640 272 2702; x_wconf 79' lang='lat'>‘20</span> <span class='ocrx_word' id='word_1_169' title='bbox 374 2639 464 2698; x_wconf 87' lang='lat' dir='ltr'>Hunc</span> <span class='ocrx_word' id='word_1_170' title='bbox 481 2638 665 2698; x_wconf 80' lang='lat' dir='ltr'>vinolentam</span> <span class='ocrx_word' id='word_1_171' title='bbox 687 2637 736 2698; x_wconf 90' lang='lat' dir='ltr'>vel</span> <span class='ocrx_word' id='word_1_172' title='bbox 759 2637 914 2699; x_wconf 91' lang='lat' dir='ltr'>vinculum</span> <span class='ocrx_word' id='word_1_173' title='bbox 934 2638 993 2696; x_wconf 93' lang='lat' dir='ltr'>hoc</span> <span class='ocrx_word' id='word_1_174' title='bbox 1010 2657 1066 2720; x_wconf 81' lang='lat' dir='ltr'>uec</span> <span class='ocrx_word' id='word_1_175' title='bbox 1084 2638 1243 2717; x_wconf 89' lang='lat' dir='ltr'>pulchrum</span> <span class='ocrx_word' id='word_1_176' title='bbox 1265 2657 1363 2716; x_wconf 88' lang='lat' dir='ltr'>neque</span> <span class='ocrx_word' id='word_1_177' title='bbox 1386 2638 1439 2698; x_wconf 93' lang='lat' dir='ltr'>bo·</span> 
     </span>
     <span class='ocr_line' id='line_1_21' title="bbox 293 2747 1439 2826; baseline -0.002 -19"><span class='ocrx_word' id='word_1_178' title='bbox 293 2768 365 2808; x_wconf 90' lang='lat' dir='ltr'>num</span> <span class='ocrx_word' id='word_1_179' title='bbox 383 2748 521 2826; x_wconf 86' lang='lat' dir='ltr'>appellat</span> <span class='ocrx_word' id='word_1_180' title='bbox 539 2748 696 2823; x_wconf 85' lang='lat' dir='ltr'>Socrates,</span> <span class='ocrx_word' id='word_1_181' title='bbox 715 2748 785 2823; x_wconf 89' lang='lat' dir='ltr'>quia</span> <span class='ocrx_word' id='word_1_182' title='bbox 808 2747 967 2825; x_wconf 90' lang='lat' dir='ltr'>pulchrum</span> <span class='ocrx_word' id='word_1_183' title='bbox 985 2747 1104 2825; x_wconf 88' lang='lat' dir='ltr'>appetit</span> <span class='ocrx_word' id='word_1_184' title='bbox 1122 2748 1126 2826; x_wconf 93' lang='grc' dir='ltr'>Ι</span> <span class='ocrx_word' id='word_1_185' title='bbox 1145 2755 1236 2825; x_wconf 88' lang='lat' dir='ltr'>atque</span> <span class='ocrx_word' id='word_1_186' title='bbox 1254 2748 1381 2821; x_wconf 89' lang='lat' dir='ltr'>bonnm;</span> <span class='ocrx_word' id='word_1_187' title='bbox 1403 2767 1439 2808; x_wconf 87' lang='lat' dir='ltr'>ec</span> 
     </span>
     <span class='ocr_line' id='line_1_22' title="bbox 294 2854 1439 2933; baseline 0.001 -19"><span class='ocrx_word' id='word_1_188' title='bbox 294 2856 390 2933; x_wconf 82' lang='lat' dir='ltr'>igitur</span> <span class='ocrx_word' id='word_1_189' title='bbox 407 2863 507 2915; x_wconf 88' lang='lat' dir='ltr'>caret:</span> <span class='ocrx_word' id='word_1_190' title='bbox 526 2856 656 2931; x_wconf 91' lang='lat' dir='ltr'>ideoque</span> <span class='ocrx_word' id='word_1_191' title='bbox 673 2855 771 2914; x_wconf 89' lang='lat' dir='ltr'>noluit</span> <span class='ocrx_word' id='word_1_192' title='bbox 789 2874 857 2914; x_wconf 87' lang='lat' dir='ltr'>csse</span> <span class='ocrx_word' id='word_1_193' title='bbox 876 2854 1001 2914; x_wconf 90' lang='lat' dir='ltr'>deorum</span> <span class='ocrx_word' id='word_1_194' title='bbox 1015 2855 1155 2930; x_wconf 89' lang='lat' dir='ltr'>aliquem.</span> <span class='ocrx_word' id='word_1_195' title='bbox 1174 2854 1253 2915; x_wconf 87' lang='lat' dir='ltr'>Item</span> <span class='ocrx_word' id='word_1_196' title='bbox 1271 2855 1370 2930; x_wconf 91' lang='lat' dir='ltr'>iuquit</span> <span class='ocrx_word' id='word_1_197' title='bbox 1386 2855 1439 2915; x_wconf 90' lang='lat' dir='ltr'>ille</span> 
     </span>
     <span class='ocr_line' id='line_1_23' title="bbox 295 2960 1438 3039; baseline -0.001 -17"><span class='ocrx_word' id='word_1_198' title='bbox 295 2984 428 3023; x_wconf 86' lang='lat' dir='ltr'>amorem</span> <span class='ocrx_word' id='word_1_199' title='bbox 456 2960 588 3022; x_wconf 88' lang='lat' dir='ltr'>medium</span> <span class='ocrx_word' id='word_1_200' title='bbox 608 3008 611 3017; x_wconf 92' lang='lat'>.</span> <span class='ocrx_word' id='word_1_201' title='bbox 630 2962 710 3021; x_wconf 89' lang='lat' dir='ltr'>iuter</span> <span class='ocrx_word' id='word_1_202' title='bbox 735 2962 846 3020; x_wconf 90' lang='lat' dir='ltr'>bouum</span> <span class='ocrx_word' id='word_1_203' title='bbox 875 2970 906 3020; x_wconf 80' lang='lat' dir='ltr'>et</span> <span class='ocrx_word' id='word_1_204' title='bbox 934 2961 1060 3038; x_wconf 86' lang='lat' dir='ltr'>malum,</span> <span class='ocrx_word' id='word_1_205' title='bbox 1086 2969 1176 3038; x_wconf 89' lang='lat' dir='ltr'>turpe</span> <span class='ocrx_word' id='word_1_206' title='bbox 1207 2969 1239 3021; x_wconf 88' lang='lat' dir='ltr'>et</span> <span class='ocrx_word' id='word_1_207' title='bbox 1265 2960 1438 3039; x_wconf 89' lang='lat' dir='ltr'>pulchrum,</span> 
     </span>
     <span class='ocr_line' id='line_1_24' title="bbox 294 3066 1438 3150; baseline 0.003 -23"><span class='ocrx_word' id='word_1_208' title='bbox 294 3070 423 3128; x_wconf 89' lang='lat' dir='ltr'>mortale</span> <span class='ocrx_word' id='word_1_209' title='bbox 441 3077 472 3127; x_wconf 89' lang='lat' dir='ltr'>et</span> <span class='ocrx_word' id='word_1_210' title='bbox 489 3069 669 3127; x_wconf 88' lang='lat' dir='ltr'>immortale.</span> <span class='ocrx_word' id='word_1_211' title='bbox 697 3066 759 3128; x_wconf 85' lang='lat' dir='ltr'>Sed</span> <span class='ocrx_word' id='word_1_212' title='bbox 783 3066 833 3126; x_wconf 91' lang='lat' dir='ltr'>hic</span> <span class='ocrx_word' id='word_1_213' title='bbox 850 3066 1002 3128; x_wconf 89' lang='lat' dir='ltr'>rhetorice</span> <span class='ocrx_word' id='word_1_214' title='bbox 1029 3077 1060 3127; x_wconf 87' lang='lat' dir='ltr'>et</span> <span class='ocrx_word' id='word_1_215' title='bbox 1078 3068 1243 3146; x_wconf 87' lang='lat' dir='ltr'>aequivoce</span> <span class='ocrx_word' id='word_1_216' title='bbox 1262 3068 1358 3128; x_wconf 90' lang='lat' dir='ltr'>sentit</span> <span class='ocrx_word' id='word_1_217' title='bbox 1375 3068 1381 3150; x_wconf 97' lang='grc' dir='ltr'>Ι</span> <span class='ocrx_word' id='word_1_218' title='bbox 1400 3069 1438 3131; x_wconf 91' lang='lat' dir='ltr'>de</span> 
     </span>
    </p>

    <p class='ocr_par' dir='ltr' id='par_1_9' title="bbox 227 3173 1438 3562">
     <span class='ocr_line' id='line_1_25' title="bbox 227 3173 1436 3254; baseline 0.002 -21"><span class='ocrx_word' id='word_1_219' title='bbox 227 3173 270 3234; x_wconf 75' lang='lat'>25</span> <span class='ocrx_word' id='word_1_220' title='bbox 293 3177 432 3254; x_wconf 85' lang='lat' dir='ltr'>appetitu</span> <span class='ocrx_word' id='word_1_221' title='bbox 450 3185 481 3234; x_wconf 88' lang='lat' dir='ltr'>et</span> <span class='ocrx_word' id='word_1_222' title='bbox 498 3174 608 3235; x_wconf 87' lang='lat' dir='ltr'>medio.</span> <span class='ocrx_word' id='word_1_223' title='bbox 627 3175 778 3234; x_wconf 81' lang='lat' dir='ltr'>Sumimus</span> <span class='ocrx_word' id='word_1_224' title='bbox 793 3194 926 3234; x_wconf 85' lang='lat' dir='ltr'>amorem</span> <span class='ocrx_word' id='word_1_225' title='bbox 938 3175 1090 3234; x_wconf 87' lang='lat' dir='ltr'>vinculum</span> <span class='ocrx_word' id='word_1_226' title='bbox 1109 3174 1274 3234; x_wconf 91' lang='lat' dir='ltr'>secuudum</span> <span class='ocrx_word' id='word_1_227' title='bbox 1286 3177 1436 3236; x_wconf 86' lang='lat' dir='ltr'>rationem</span> 
     </span>
     <span class='ocr_line' id='line_1_26' title="bbox 293 3280 1438 3361; baseline 0.003 -19"><span class='ocrx_word' id='word_1_228' title='bbox 293 3301 449 3342; x_wconf 86' lang='lat' dir='ltr'>comunem</span> <span class='ocrx_word' id='word_1_229' title='bbox 461 3280 561 3340; x_wconf 91' lang='lat' dir='ltr'>activo</span> <span class='ocrx_word' id='word_1_230' title='bbox 573 3287 631 3359; x_wconf 76' lang='lat' dir='ltr'>(et)</span> <span class='ocrx_word' id='word_1_231' title='bbox 643 3281 777 3357; x_wconf 84' lang='lat' dir='ltr'>passivo,</span> <span class='ocrx_word' id='word_1_232' title='bbox 790 3299 848 3356; x_wconf 89' lang='lat' dir='ltr'>qua</span> <span class='ocrx_word' id='word_1_233' title='bbox 867 3314 869 3329; x_wconf 86' lang='lat'>·</span> <span class='ocrx_word' id='word_1_234' title='bbox 890 3281 990 3340; x_wconf 90' lang='lat' dir='ltr'>omnia</span> <span class='ocrx_word' id='word_1_235' title='bbox 1005 3281 1113 3340; x_wconf 90' lang='lat' dir='ltr'>volunt</span> <span class='ocrx_word' id='word_1_236' title='bbox 1126 3281 1239 3360; x_wconf 88' lang='lat' dir='ltr'>perlici,</span> <span class='ocrx_word' id='word_1_237' title='bbox 1250 3281 1338 3360; x_wconf 87' lang='lat' dir='ltr'>uniri,</span> <span class='ocrx_word' id='word_1_238' title='bbox 1349 3304 1438 3361; x_wconf 92' lang='lat' dir='ltr'>copu-</span> 
     </span>
     <span class='ocr_line' id='line_1_27' title="bbox 292 3387 1437 3470; baseline -0.001 -18"><span class='ocrx_word' id='word_1_239' title='bbox 292 3393 361 3469; x_wconf 89' lang='lat' dir='ltr'>lari,</span> <span class='ocrx_word' id='word_1_240' title='bbox 381 3390 526 3466; x_wconf 87' lang='lat' dir='ltr'>ordinari,</span> <span class='ocrx_word' id='word_1_241' title='bbox 546 3397 578 3450; x_wconf 90' lang='lat' dir='ltr'>et</span> <span class='ocrx_word' id='word_1_242' title='bbox 595 3397 705 3449; x_wconf 90' lang='lat' dir='ltr'>natura</span> <span class='ocrx_word' id='word_1_243' title='bbox 726 3391 791 3465; x_wconf 82' lang='lat' dir='ltr'>agit</span> <span class='ocrx_word' id='word_1_244' title='bbox 812 3387 1047 3468; x_wconf 86' lang='lat' dir='ltr'>perfectionem,</span> <span class='ocrx_word' id='word_1_245' title='bbox 1068 3391 1222 3467; x_wconf 89' lang='lat' dir='ltr'>unionem,</span> <span class='ocrx_word' id='word_1_246' title='bbox 1243 3392 1383 3470; x_wconf 89' lang='lat' dir='ltr'>copulam</span> <span class='ocrx_word' id='word_1_247' title='bbox 1405 3400 1437 3451; x_wconf 93' lang='lat' dir='ltr'>et</span> 
     </span>
     <span class='ocr_line' id='line_1_28' title="bbox 291 3502 439 3562; baseline 0 -1"><span class='ocrx_word' id='word_1_248' title='bbox 291 3502 439 3562; x_wconf 87' lang='lat' dir='ltr'>ordinem.</span> 
     </span>
    </p>
   </div>
   <div class='ocr_carea' id='block_1_5' title="bbox 224 3604 1436 3784">
    <p class='ocr_par' dir='ltr' id='par_1_10' title="bbox 224 3604 1436 3784">
     <span class='ocr_line' id='line_1_29' title="bbox 370 3604 1435 3688; baseline -0.003 -22"><span class='ocrx_word' id='word_1_249' title='bbox 370 3608 411 3666; x_wconf 82' lang='lat' dir='ltr'>Et</span> <span class='ocrx_word' id='word_1_250' title='bbox 428 3607 473 3666; x_wconf 86' lang='lat' dir='ltr'>sio</span> <span class='ocrx_word' id='word_1_251' title='bbox 489 3605 565 3666; x_wconf 92' lang='lat' dir='ltr'>nihil</span> <span class='ocrx_word' id='word_1_252' title='bbox 584 3605 715 3666; x_wconf 88' lang='lat' dir='ltr'>estsine</span> <span class='ocrx_word' id='word_1_253' title='bbox 737 3625 841 3666; x_wconf 91' lang='lat' dir='ltr'>amore</span> <span class='ocrx_word' id='word_1_254' title='bbox 858 3605 993 3665; x_wconf 89' lang='lat' dir='ltr'>divinum</span> <span class='ocrx_word' id='word_1_255' title='bbox 1015 3604 1141 3688; x_wconf 86' lang='lat' dir='ltr'>ue(que)</span> <span class='ocrx_word' id='word_1_256' title='bbox 1162 3608 1342 3684; x_wconf 85' lang='lat' dir='ltr'>perfectum.</span> <span class='ocrx_word' id='word_1_257' title='bbox 1369 3607 1435 3666; x_wconf 92' lang='lat' dir='ltr'>Imo</span> 
     </span>
     <span class='ocr_line' id='line_1_30' title="bbox 224 3702 1436 3784; baseline -0.004 -15"><span class='ocrx_word' id='word_1_258' title='bbox 224 3706 267 3769; x_wconf 87' lang='lat'>30</span> <span class='ocrx_word' id='word_1_259' title='bbox 289 3728 374 3768; x_wconf 85' lang='lat' dir='ltr'>arnor</span> <span class='ocrx_word' id='word_1_260' title='bbox 398 3706 509 3782; x_wconf 84' lang='lat' dir='ltr'>ubique</span> <span class='ocrx_word' id='word_1_261' title='bbox 531 3704 607 3765; x_wconf 89' lang='lat' dir='ltr'>dicit</span> <span class='ocrx_word' id='word_1_262' title='bbox 627 3702 863 3782; x_wconf 85' lang='lat' dir='ltr'>perfectionem,</span> <span class='ocrx_word' id='word_1_263' title='bbox 887 3710 919 3765; x_wconf 89' lang='lat' dir='ltr'>et</span> <span class='ocrx_word' id='word_1_264' title='bbox 939 3704 964 3764; x_wconf 88' lang='lat' dir='ltr'>si</span> <span class='ocrx_word' id='word_1_265' title='bbox 984 3704 1014 3765; x_wconf 92' lang='lat' dir='ltr'>in</span> <span class='ocrx_word' id='word_1_266' title='bbox 1032 3707 1037 3784; x_wconf 93' lang='grc' dir='ltr'>Ι</span> <span class='ocrx_word' id='word_1_267' title='bbox 1055 3706 1185 3766; x_wconf 87' lang='lat' dir='ltr'>materia</span> <span class='ocrx_word' id='word_1_268' title='bbox 1202 3715 1233 3766; x_wconf 88' lang='lat' dir='ltr'>et</span> <span class='ocrx_word' id='word_1_269' title='bbox 1258 3705 1350 3765; x_wconf 89' lang='lat' dir='ltr'>chaos</span> <span class='ocrx_word' id='word_1_270' title='bbox 1368 3725 1436 3784; x_wconf 90' lang='lat' dir='ltr'>sup·</span> 
     </span>
    </p>
   </div>
   <div class='ocr_carea' id='block_1_6' title="bbox 290 3812 1435 3894">
    <p class='ocr_par' dir='ltr' id='par_1_11' title="bbox 290 3812 1435 3894">
     <span class='ocr_line' id='line_1_31' title="bbox 290 3812 1435 3894; baseline -0.003 -19"><span class='ocrx_word' id='word_1_271' title='bbox 290 3826 383 3894; x_wconf 89' lang='lat' dir='ltr'>ponat</span> <span class='ocrx_word' id='word_1_272' title='bbox 400 3819 447 3894; x_wconf 84' lang='lat' dir='ltr'>(ut</span> <span class='ocrx_word' id='word_1_273' title='bbox 464 3815 559 3892; x_wconf 82' lang='lat' dir='ltr'>aiunt)</span> <span class='ocrx_word' id='word_1_274' title='bbox 577 3812 844 3891; x_wconf 85' lang='lat' dir='ltr'>inperfectionem,</span> <span class='ocrx_word' id='word_1_275' title='bbox 861 3834 1012 3890; x_wconf 89' lang='lat' dir='ltr'>nunquam</span> <span class='ocrx_word' id='word_1_276' title='bbox 1035 3823 1136 3874; x_wconf 90' lang='lat' dir='ltr'>tamen</span> <span class='ocrx_word' id='word_1_277' title='bbox 1159 3812 1311 3890; x_wconf 85' lang='lat' dir='ltr'>significat</span> <span class='ocrx_word' id='word_1_278' title='bbox 1328 3813 1435 3891; x_wconf 87' lang='lat' dir='ltr'>irnper-</span> 
     </span>
    </p>
   </div>
   <div class='ocr_carea' id='block_1_7' title="bbox 289 3918 1434 4002">
    <p class='ocr_par' dir='ltr' id='par_1_12' title="bbox 289 3918 1434 4002">
     <span class='ocr_line' id='line_1_32' title="bbox 289 3918 1434 4002; baseline 0 -20"><span class='ocrx_word' id='word_1_279' title='bbox 289 3924 467 3998; x_wconf 89' lang='lat' dir='ltr'>fectiouem,</span> <span class='ocrx_word' id='word_1_280' title='bbox 488 3924 492 4002; x_wconf 95' lang='grc' dir='ltr'>Ι</span> <span class='ocrx_word' id='word_1_281' title='bbox 511 3922 566 3981; x_wconf 87' lang='lat' dir='ltr'>sed</span> <span class='ocrx_word' id='word_1_282' title='bbox 588 3941 709 4000; x_wconf 90' lang='lat' dir='ltr'>semper</span> <span class='ocrx_word' id='word_1_283' title='bbox 730 3918 951 3999; x_wconf 85' lang='lat' dir='ltr'>perfectionem</span> <span class='ocrx_word' id='word_1_284' title='bbox 973 3929 1004 3982; x_wconf 88' lang='lat' dir='ltr'>et</span> <span class='ocrx_word' id='word_1_285' title='bbox 1025 3921 1290 4000; x_wconf 86' lang='lat' dir='ltr'>participationem</span> <span class='ocrx_word' id='word_1_286' title='bbox 1311 3921 1434 3982; x_wconf 88' lang='lat' dir='ltr'>luminis</span> 
     </span>
    </p>
   </div>
   <div class='ocr_carea' id='block_1_8' title="bbox 288 4143 1433 4610">
    <p class='ocr_par' dir='ltr' id='par_1_13' title="bbox 288 4143 1433 4532">
     <span class='ocr_line' id='line_1_33' title="bbox 382 4143 1433 4210; baseline 0 -15"><span class='ocrx_word' id='word_1_287' title='bbox 382 4146 405 4195; x_wconf 85' lang='grc'>6.</span> <span class='ocrx_word' id='word_1_288' title='bbox 416 4145 446 4195; x_wconf 85' lang='lat'>10</span> <span class='ocrx_word' id='word_1_289' title='bbox 463 4146 497 4206; x_wconf 79' lang='lat' dir='ltr'>cf.</span> <span class='ocrx_word' id='word_1_290' title='bbox 511 4143 668 4195; x_wconf 63' lang='lat' dir='ltr'>Ararmt.</span> <span class='ocrx_word' id='word_1_291' title='bbox 681 4143 783 4194; x_wconf 75' lang='lat' dir='ltr'>Nicon.</span> <span class='ocrx_word' id='word_1_292' title='bbox 802 4144 856 4195; x_wconf 64' lang='lat'>315</span> <span class='ocrx_word' id='word_1_293' title='bbox 922 4145 937 4194; x_wconf 89' lang='grc'>6</span> <span class='ocrx_word' id='word_1_294' title='bbox 953 4150 1070 4210; x_wconf 89' lang='lat' dir='ltr'>propter</span> <span class='ocrx_word' id='word_1_295' title='bbox 1082 4160 1134 4194; x_wconf 86' lang='lat' dir='ltr'>sua</span> <span class='ocrx_word' id='word_1_296' title='bbox 1144 4143 1249 4195; x_wconf 87' lang='lat' dir='ltr'>delicta</span> <span class='ocrx_word' id='word_1_297' title='bbox 1257 4144 1320 4194; x_wconf 69' lang='lat' dir='ltr'>nell*</span> <span class='ocrx_word' id='word_1_298' title='bbox 1330 4143 1433 4196; x_wconf 80' lang='lat' dir='ltr'>interli-</span> 
     </span>
     <span class='ocr_line' id='line_1_34' title="bbox 288 4223 1432 4292; baseline -0.001 -17"><span class='ocrx_word' id='word_1_299' title='bbox 288 4226 394 4277; x_wconf 81' lang='lat' dir='ltr'>naaBr</span> <span class='ocrx_word' id='word_1_300' title='bbox 442 4225 472 4275; x_wconf 79' lang='lat'>12</span> <span class='ocrx_word' id='word_1_301' title='bbox 489 4225 517 4275; x_wconf 86' lang='lat' dir='ltr'>id</span> <span class='ocrx_word' id='word_1_302' title='bbox 530 4223 623 4292; x_wconf 87' lang='lat' dir='ltr'>est].i.</span> <span class='ocrx_word' id='word_1_303' title='bbox 635 4223 921 4279; x_wconf 81' lang='lat' dir='ltr'>Br:idLaloalawaki</span> <span class='ocrx_word' id='word_1_304' title='bbox 970 4226 1136 4290; x_wconf 71' lang='lat' dir='ltr'>ltantiqua</span> <span class='ocrx_word' id='word_1_305' title='bbox 1161 4224 1432 4290; x_wconf 78' lang='lat' dir='ltr'>Br¹:autiqus(aic)</span> 
     </span>
     <span class='ocr_line' id='line_1_35' title="bbox 289 4305 1432 4365; baseline 0 -9"><span class='ocrx_word' id='word_1_306' title='bbox 289 4322 360 4356; x_wconf 86' lang='lat' dir='ltr'>corr.</span> <span class='ocrx_word' id='word_1_307' title='bbox 382 4305 427 4355; x_wconf 86' lang='lat' dir='ltr'>Br</span> <span class='ocrx_word' id='word_1_308' title='bbox 492 4307 642 4364; x_wconf 84' lang='lat' dir='ltr'>15autem]</span> <span class='ocrx_word' id='word_1_309' title='bbox 666 4320 746 4355; x_wconf 87' lang='lat' dir='ltr'>amor</span> <span class='ocrx_word' id='word_1_310' title='bbox 766 4305 867 4356; x_wconf 80' lang='lat' dir='ltr'>Lulorl.</span> <span class='ocrx_word' id='word_1_311' title='bbox 933 4306 964 4355; x_wconf 79' lang='lat'>18</span> <span class='ocrx_word' id='word_1_312' title='bbox 989 4341 1088 4357; x_wconf 89' lang='grc'><strong>.......</strong></span> <span class='ocrx_word' id='word_1_313' title='bbox 1091 4312 1099 4365; x_wconf 89' lang='lat'>]</span> <span class='ocrx_word' id='word_1_314' title='bbox 1121 4310 1150 4355; x_wconf 89' lang='lat' dir='ltr'>et</span> <span class='ocrx_word' id='word_1_315' title='bbox 1172 4305 1307 4356; x_wconf 85' lang='lat' dir='ltr'>coelestis</span> <span class='ocrx_word' id='word_1_316' title='bbox 1330 4305 1432 4357; x_wconf 81' lang='lat' dir='ltr'>Latoal.</span> 
     </span>
     <span class='ocr_line' id='line_1_36' title="bbox 288 4385 1432 4450; baseline 0.002 -14"><span class='ocrx_word' id='word_1_317' title='bbox 288 4388 319 4436; x_wconf 82' lang='lat'>19</span> <span class='ocrx_word' id='word_1_318' title='bbox 331 4386 519 4450; x_wconf 90' lang='lat' dir='ltr'>Polyauteam</span> <span class='ocrx_word' id='word_1_319' title='bbox 529 4385 586 4450; x_wconf 77' lang='lat' dir='ltr'>(ric)</span> <span class='ocrx_word' id='word_1_320' title='bbox 599 4385 652 4436; x_wconf 86' lang='lat' dir='ltr'>Br:</span> <span class='ocrx_word' id='word_1_321' title='bbox 669 4386 704 4448; x_wconf 79' lang='lat' dir='ltr'>as.</span> <span class='ocrx_word' id='word_1_322' title='bbox 710 4402 737 4450; x_wconf 83' lang='lat' dir='ltr'>p.</span> <span class='ocrx_word' id='word_1_323' title='bbox 747 4387 807 4446; x_wconf 76' lang='lat'>650,</span> <span class='ocrx_word' id='word_1_324' title='bbox 821 4387 853 4434; x_wconf 82' lang='lat'>12</span> <span class='ocrx_word' id='word_1_325' title='bbox 921 4386 952 4435; x_wconf 70' lang='lat'>22</span> <span class='ocrx_word' id='word_1_326' title='bbox 968 4403 1023 4450; x_wconf 72' lang='lat' dir='ltr'>app.</span> <span class='ocrx_word' id='word_1_327' title='bbox 1044 4386 1113 4437; x_wconf 76' lang='lat' dir='ltr'>Prae.</span> <span class='ocrx_word' id='word_1_328' title='bbox 1122 4386 1242 4450; x_wconf 73' lang='lat' dir='ltr'>Sympoa.</span> <span class='ocrx_word' id='word_1_329' title='bbox 1249 4385 1366 4450; x_wconf 58' lang='lat' dir='ltr'>atolfi</span> <span class='ocrx_word' id='word_1_330' title='bbox 1376 4403 1432 4450; x_wconf 76' lang='lat' dir='ltr'>sqq.</span> 
     </span>
     <span class='ocr_line' id='line_1_37' title="bbox 289 4465 1345 4532; baseline -0.003 -15"><span class='ocrx_word' id='word_1_331' title='bbox 289 4469 320 4517; x_wconf 74' lang='grc'>’26</span> <span class='ocrx_word' id='word_1_332' title='bbox 337 4467 431 4518; x_wconf 88' lang='lat' dir='ltr'>active</span> <span class='ocrx_word' id='word_1_333' title='bbox 447 4469 571 4532; x_wconf 82' lang='lat' dir='ltr'>passive,</span> <span class='ocrx_word' id='word_1_334' title='bbox 591 4482 647 4532; x_wconf 89' lang='lat' dir='ltr'>quo</span> <span class='ocrx_word' id='word_1_335' title='bbox 666 4465 776 4530; x_wconf 70' lang='lat' dir='ltr'>Luteci,</span> <span class='ocrx_word' id='word_1_336' title='bbox 792 4483 835 4516; x_wconf 86' lang='lat' dir='ltr'>ma</span> <span class='ocrx_word' id='word_1_337' title='bbox 850 4467 885 4530; x_wconf 87' lang='lat' dir='ltr'>cs.</span> <span class='ocrx_word' id='word_1_338' title='bbox 897 4483 927 4532; x_wconf 81' lang='lat' dir='ltr'>p.</span> <span class='ocrx_word' id='word_1_339' title='bbox 944 4468 1032 4528; x_wconf 79' lang='lat'>695,3</span> <span class='ocrx_word' id='word_1_340' title='bbox 1095 4467 1127 4516; x_wconf 83' lang='lat'>29</span> <span class='ocrx_word' id='word_1_341' title='bbox 1141 4483 1185 4518; x_wconf 89' lang='lat' dir='ltr'>am</span> <span class='ocrx_word' id='word_1_342' title='bbox 1201 4485 1217 4516; x_wconf 77' lang='lat' dir='ltr'>s</span> <span class='ocrx_word' id='word_1_343' title='bbox 1233 4485 1248 4516; x_wconf 75' lang='lat' dir='ltr'>a</span> <span class='ocrx_word' id='word_1_344' title='bbox 1264 4484 1280 4515; x_wconf 72' lang='lat' dir='ltr'>a</span> <span class='ocrx_word' id='word_1_345' title='bbox 1294 4467 1345 4517; x_wconf 78' lang='lat' dir='ltr'>Brl</span> 
     </span>
    </p>

    <p class='ocr_par' dir='ltr' id='par_1_14' title="bbox 423 4559 1271 4610">
     <span class='ocr_line' id='line_1_38' title="bbox 423 4559 1271 4610; baseline 0.001 -12"><span class='ocrx_word' id='word_1_346' title='bbox 423 4560 500 4601; x_wconf 69' lang='lat' dir='ltr'>Bauer</span> <span class='ocrx_word' id='word_1_347' title='bbox 518 4560 572 4610; x_wconf 76' lang='lat' dir='ltr'>Opp.</span> <span class='ocrx_word' id='word_1_348' title='bbox 585 4561 625 4599; x_wconf 81' lang='lat' dir='ltr'>lat.</span> <span class='ocrx_word' id='word_1_349' title='bbox 641 4559 684 4599; x_wconf 90' lang='lat' dir='ltr'>lll.</span> <span class='ocrx_word' id='word_1_350' title='bbox 1245 4562 1271 4600; x_wconf 77' lang='lat'>82</span> 
     </span>
    </p>
   </div>
   <div class='ocr_carea' id='block_1_9' title="bbox 0 0 1748 5108">
    <p class='ocr_par' dir='ltr' id='par_1_15' title="bbox 0 0 1748 5108">
     <span class='ocr_line' id='line_1_39' title="bbox 0 0 1748 5108; baseline 0 4"><span class='ocrx_word' id='word_1_351' title='bbox 0 0 1748 5108; x_wconf 95' lang='lat' dir='ltr'> </span> 
     </span>
    </p>
   </div>
  </div>
 </body>
</html>
