3488 5108
728 394 869 442 lonuanl
890 396 994 444 BRVNI

473 734 547 808 DE
590 733 758 810 MODIS
800 734 1238 813 DISTINCTIONVM

333 879 405 952 ET
447 875 948 956 DIFFERENTIARVM
988 877 1383 958 SVMENDARVM

445 1111 490 1155 EX
511 1110 684 1156 annovam
703 1110 807 1156 TRIVM
829 1109 1061 1156 Posrunrouvu
1082 1110 1264 1158 GIGANTVM.

370 1403 469 1471 Licet
487 1425 604 1470 omnes
624 1403 729 1487 modi,
750 1403 875 1491 quibus
894 1402 1058 1469 subiectis
1076 1403 1275 1491 praedicata
1291 1406 1424 1492 insunt,

235 1529 352 1597 bsive
376 1528 635 1617 metaphysicis,
663 1529 737 1595 sive
765 1528 930 1615 physicis,
963 1528 1035 1595 sive
1065 1527 1322 1616 artificialibus,
1355 1532 1425 1598 sint

279 1656 443 1745 explicati
461 1657 500 1721 in
519 1655 653 1722 dnobus
676 1654 798 1743 primis
822 1653 1049 1743 Gigantibus,
1074 1661 1191 1722 tamen
1210 1657 1323 1724 adhuc
1344 1658 1424 1744 quia

279 1781 396 1847 omnia
418 1781 680 1848 considerantur
703 1781 888 1869 dupliciter
907 1786 989 1864 (uno
1011 1787 1115 1869 pacto
1143 1781 1257 1868 quoad
1284 1783 1424 1850 modum

277 1905 427 1991 essendi,
448 1906 516 1974 alio
535 1913 638 1995 pacto
657 1906 771 1995 quoad
787 1907 926 1974 modum
942 1906 1171 1994 concipiendi;
1190 1928 1292 1994 quem
1312 1909 1424 1995 sequi-

276 2040 334 2113 tur
352 2033 462 2098 veluti
492 2033 615 2100 tertius
638 2033 759 2100 modus
782 2032 1029 2120 significandi),
1049 2033 1126 2099 ideo
1156 2034 1281 2100 tertius
1312 2035 1422 2122 Gigas

214 2160 254 2224 10
276 2156 408 2223 indicat
425 2158 541 2224 omnia
553 2157 750 2245 praedicata
766 2157 953 2224 secundnm
968 2157 1133 2244 primum,
1146 2165 1291 2245 quartus
1303 2183 1423 2227 secun-

276 2283 358 2351 dum
376 2283 487 2369 iuxta,
507 2283 650 2351 ultimus
669 2285 767 2351 iuxta
786 2283 937 2351 tertium.
955 2283 1080 2352 Omnia
1098 2308 1180 2372 ergo
1196 2310 1258 2374 per
1276 2288 1420 2355 tertium

276 2409 463 2496 Gigantem
486 2409 582 2476 entia
605 2409 848 2498 concipiuntur
871 2412 927 2477 vel
951 2417 989 2476 ut
1014 2417 1095 2477 ante
1123 2434 1195 2477 rem
1226 2434 1286 2478 seu
1314 2418 1354 2478 nt
1381 2413 1420 2478 in

274 2536 446 2624 principio
464 2534 635 2621 effectivo,
655 2537 711 2603 vel
730 2543 769 2603 ut
788 2537 825 2602 in
843 2559 880 2603 re
908 2559 968 2603 seu
991 2543 1030 2602 ut
1053 2535 1092 2601 in
1115 2536 1240 2604 effectu
1264 2545 1299 2604 ct
1322 2544 1417 2624 actu,

273 2661 329 2728 vel
356 2668 434 2749 post
462 2684 548 2746 rem,
573 2669 608 2727 et
637 2661 687 2729 itu
709 2661 910 2751 dupliciter:
931 2662 968 2728 in
986 2669 1155 2749 conceptu
1175 2663 1419 2748 (intentione),

209 2797 250 2859 lb
274 2788 364 2853 etin
383 2787 484 2875 signo
503 2792 622 2871 (voce).

361 2916 461 2981 Hanc
485 2914 743 2982 distinctionem
765 2915 922 3000 sequitur
950 2915 989 2980 in
1019 2914 1245 3004 dispositione
1275 2941 1334 2984 sen
1367 2942 1417 2985 se-

272 3043 423 3110 cundum
444 3042 718 3130 dispositionem,
738 3042 882 3127 infieri,
902 3042 939 3108 in
958 3042 1064 3125 facto;
1090 3067 1194 3131 quam
1218 3044 1417 3112 distinctio·

271 3191 350 3235 nem
368 3174 488 3257 postea
505 3176 697 3255 sequuntur
716 3176 869 3234 caeterae
887 3168 1123 3257 perordinem
1142 3178 1281 3238 notatae
1301 3179 1336 3238 et
1354 3173 1417 3238 de·

271 3295 420 3360 claratae
438 3295 476 3359 in
495 3294 658 3360 membris
677 3293 845 3381 praedicti
865 3295 960 3360 tertii
979 3295 1155 3382 Gigantis.

204 3430 248 3493 20
360 3422 524 3507 Proinde,
555 3430 595 3488 nt
625 3424 722 3511 ipsae
755 3446 808 3488 res
836 3421 874 3488 in
904 3423 1214 3489 considerationem
1247 3424 1412 3508 veniunt,

269 3547 509 3616 distinctiones
528 3573 646 3617 earum
665 3548 882 3637 indagandae
901 3572 943 3614 cx
962 3549 1125 3617 membris
1146 3551 1261 3636 quarti
1281 3552 1415 3640 Gigan-

270 3675 324 3740 tis.
346 3674 414 3742 Ubi
434 3676 526 3742 enim
547 3677 551 3764 Ι
572 3677 810 3765 expedivimus
833 3677 883 3742 rei
907 3676 1132 3760 conditiones,
1159 3687 1329 3765 quatenus
1360 3688 1413 3746 est
1439 3690 1556 3754 197⁹

269 3806 304 3866 et
323 3807 493 3887 quatenus
512 3826 584 3870 esse
607 3804 818 3890 concipitur,
836 3804 885 3868 ita
901 3803 1152 3890 respiciendum
1177 3814 1230 3872 est
1249 3805 1292 3871 ad
1311 3828 1415 3871 mem-

268 3929 331 3997 bra
351 3931 468 4016 quarti
488 3931 665 4018 Gigantis‚
682 3956 700 3998 e
719 3932 844 4019 quibus
861 3931 1144 4019 distinguendum
1164 3940 1216 3999 est
1234 3935 1347 4021 primo
1368 3957 1413 4000 an

361 4300 376 4349 4
392 4299 525 4365 subjecta
537 4303 711 4367 praedicatis
724 4303 769 4352 A¹:
788 4304 952 4367 praedicata
966 4305 1104 4355 subiectis
1117 4305 1148 4355 M
1194 4307 1232 4356 10.
1244 4307 1272 4354 11
1291 4310 1412 4370 quartus

267 4381 424 4430 secundum
443 4380 543 4446 juxta,
565 4383 686 4433 ultimus
703 4377 880 4449 juxta-3⁸11:
906 4376 969 4436 Wur
995 4385 1077 4435 iuxta
1099 4387 1219 4436 tortium
1245 4385 1359 4436 modum
1382 4385 1413 4435 Μ

266 4461 296 4510 11
313 4466 450 4527 concepto
463 4463 486 4511 A
552 4464 581 4513 16
590 4465 670 4526 sorae
681 4463 830 4515 distinctio
840 4465 879 4514 20
893 4465 1109 4516 distinctionem
1123 4467 1327 4526 (distinctio>?
