3488 5108
662 400 792 445 tratres
811 400 968 445 'ratarum
991 399 1198 445 srsrvaavu.
1443 387 1505 445 213

359 558 394 598 nd
407 558 456 599 slus
471 557 587 598 dexteram
602 559 645 598 alt:
754 558 783 598 ad
798 558 910 598 mentum:
1218 563 1242 599 et
1256 560 1387 602 alnlstrarn:

360 666 563 732 Generalius
700 665 983 732 convertibiliter
1160 661 1409 736 Particularius'

360 790 592 878 singulariter
702 791 898 878 Dupliciter
1161 793 1348 859 Pluraliter

357 913 605 1004 (Incomplexe)
699 916 817 982 Primo
837 917 1011 1003 complexe
1161 917 1319 986 Secundo
1328 922 1504 1008 complexe

315 1037 336 1100 ἴ)
359 1041 515 1109 Univoce
701 1041 892 1126 Analogice
1161 1043 1360 1129 Aequivoce

358 1167 447 1234 Vere
702 1165 990 1232 similitudinarie
1161 1167 1398 1256 Metaphorice

360 1291 586 1358 Substantive
687 1290 882 1357 ·Adiective
1162 1292 1347 1359 Medeliter

358 1417 401 1482 In
421 1422 579 1484 concreto
702 1415 905 1482 Concretive
1161 1417 1203 1482 In
1227 1417 1403 1484 abstracto

360 1541 502 1629 Proprie
702 1540 938 1607 Communiter
1162 1541 1355 1630 Improprie

295 1667 337 1731 10
359 1666 481 1734 Latius
702 1665 845 1753 Proprie
1163 1668 1304 1734 Arctius

359 1790 601 1879 Propriiesime
702 1790 867 1877 Proprius
1163 1792 1307 1879 Proprie

360 1918 579 1985 Substrative
703 1917 986 1984 Intentionaliter
1163 1917 1338 1984 Vocaliter

359 2043 601 2110 Eesentieliter
701 2041 1118 2131 Accidentaliterproprie
1161 2041 1397 2110 Communiter

359 2170 409 2238 Ut
428 2170 584 2258 superius
700 2168 750 2235 Ut
769 2168 997 2236 convertibile
1163 2170 1211 2236 Ut
1230 2169 1376 2237 inferius

296 2290 337 2353 15
360 2294 575 2450 Naturaliiter
609 2295 652 2360 si·
701 2296 731 2358 A
751 2295 894 2360 coneilio
914 2294 1114 2382 significans
1160 2293 1192 2359 A
1208 2317 1288 2361 casn
1305 2295 1505 2381 significans

428 2407 491 2471 gni
518 2407 599 2450 cans

361 2509 393 2575 A
416 2509 612 2596 significato
703 2508 911 2595 Significans
1162 2509 1503 2597 Atisignificandum.

451 2680 550 2747 Circa
568 2681 719 2768 primum
743 2680 935 2746 membrum
959 2687 1042 2746 nota
1066 2688 1118 2746 est
1141 2703 1259 2747 eorum
1279 2704 1368 2768 quae
1386 2682 1508 2747 ‹licun-

361 2813 418 2872 tur
437 2805 616 2872 distinctio
643 2806 830 2873 secundum
861 2806 1030 2871 rationem
1053 2807 1276 2893 praedicandi
1295 2806 1505 2894 generaliter

295 2934 339 2997 20
361 2939 395 2997 et
411 2931 665 3018 particularius.
683 2931 840 2999 Secundo
860 2930 951 3016 quod
967 2931 1095 2998 dicitur
1110 2932 1297 2998 secumlum
1313 2939 1383 2998 tres
1399 2932 1505 2999 ratio·

361 3079 420 3122 nes
440 3056 557 3141 utrina,
578 3057 723 3124 (luorum
742 3064 777 3122 et
795 3057 960 3144 plurium;
980 3055 1047 3123 duo
1063 3057 1154 3123 euim
1174 3081 1242 3123 non
1264 3064 1345 3125 sunt
1364 3057 1505 3145 proprie

360 3182 486 3269 plures.
528 3183 592 3249 ΙΙΙ.
631 3183 733 3249 Patet
769 3205 810 3248 ex
847 3182 960 3248 tribus
1002 3183 1260 3270 operationibus
1298 3183 1507 3249 intellectus,

361 3307 420 3373 IV.
434 3307 533 3386 Quod
549 3307 641 3374 inter
656 3309 824 3374 rationem
844 3307 1033 3394 aequaliter
1046 3307 1290 3396 participatam
1308 3331 1328 3374 a
1343 3307 1503 3395 pluribus

362 3432 505 3499 eandem
524 3439 559 3499 et
576 3433 728 3500 rationes
748 3433 900 3500 diversas
920 3433 1049 3499 mediat
1067 3433 1156 3499 ratio
1174 3432 1326 3499 eiusdem
1342 3432 1505 3518 inaequa-

295 3561 339 3625 25
363 3558 442 3624 liter
464 3559 675 3647 participati.
697 3562 701 3644 l
722 3559 791 3650 (V.)
818 3582 836 3619 s
862 3584 880 3618 a
908 3582 925 3619 a
951 3558 1007 3625 VI.
1032 3557 1260 3624 Substantive
1279 3557 1505 3644 significatio,
1532 3559 1648 3624 187r

375 3708 473 3715 -—.—
480 3708 568 3715 -—
572 3709 637 3716 0—-
644 3710 673 3715 —

456 3771 674 3839 lIncomplexb
692 3776 816 3838 (corrctte
830 3774 899 3838 pere
916 3772 945 3824 ia
961 3776 975 3823 1
996 3772 1160 3837 complexe)
1177 3772 1210 3835 12
1231 3772 1385 3837 Oomplexe
1400 3771 1438 3820 A:
1463 3771 1509 3821 In-

363 3850 511 3920 oomplexb
526 3855 530 3919 Ι
546 3851 698 3921 complexi
717 3852 809 3922 primo
824 3857 828 3918 Ι
843 3852 996 3919 Oomplext
1015 3851 1141 3903 secunde
1163 3851 1194 3902 M
1257 3851 1287 3902 18
1304 3850 1510 3908 (accidentali-

363 3992 421 4048 ter>
435 3987 669 4040 communitati!
732 3989 762 4038 15
780 3937 916 4038 consiiiA
982 3987 1013 4037 18
1029 3992 1127 4038 notam
1141 3987 1176 4036 ΑΙ
1240 3987 1271 4037 19
1283 3984 1450 4051 generalius
1463 3999 1512 4049 gc·

364 4068 502 4122 neralitsr
519 4067 553 4118 At
616 4069 647 4119 25
663 4067 687 4116 A
705 4065 789 4118 larcia
807 4066 836 4118 in
850 4065 991 4132 principie
1008 4067 1037 4118 di
1051 4068 1157 4134 papiae
1175 4073 1281 4131 quatere
1298 4084 1313 4117 e
1330 4064 1422 4131 cietque
1435 4063 1511 4133 ripas·

364 4151 393 4200 in
410 4147 516 4200 bisace:
535 4139 581 4208 (V.
599 4148 778 4215 significatio
795 4150 852 4200 alia
869 4154 913 4199 est
930 4149 1058 4214 propria,
1079 4148 1145 4199 Alia
1165 4147 1182 4200 b
1201 4147 1401 4198 similitudine.
1421 4148 1509 4198 Meta·

365 4232 483 4297 pharion
496 4247 532 4282 .v.
547 4231 716 4284 Universala
733 4232 749 4279 3
765 4229 950 4293 intelligitur.
965 4229 1124 4296 Omnisque
1141 4231 1218 4280 circa
1235 4228 1466 4290 similitudinem,
1481 4234 1510 4277 et

366 4311 599 4362 univocationem
613 4312 659 4375 fit,
675 4318 708 4362 ut
721 4315 801 4376 patet
819 4312 847 4360 in
865 4311 1008 4377 apologis,
1027 4311 1058 4361 in
1076 4310 1233 4362 moralibus
1250 4308 1508 4375 applicationibus,

366 4393 496 4457 mysticis
508 4392 642 4443 sensibus
654 4406 726 4458 ques
738 4391 884 4457 appellant
897 4396 926 4443 at
939 4391 1119 4457 anagogicis,
1133 4397 1167 4442 nt
1179 4389 1195 4441 ia
1208 4389 1303 4440 brutis
1315 4390 1351 4440 ad
1364 4390 1508 4440 hominem

366 4473 488 4538 myctica
501 4472 676 4538 significatio
691 4477 724 4523 nt
736 4473 765 4523 in
779 4472 865 4535 logo.)
878 4471 1011 4536 supplicet
1023 4472 1055 4522 ill
1116 4471 1303 4523 substantive
1318 4471 1339 4520 A
