3488 5108
553 423 641 468 amm
662 423 874 469 Pursmossvu
893 424 1106 470 ARISTOTELIS
1126 425 1322 473 exsufflari.
1450 413 1510 473 365

370 581 475 666 enim,
489 581 581 667 quod
599 590 681 649 sunt
700 582 880 667 quaedam,
895 604 982 669 quae
1001 604 1072 649 non
1089 583 1225 649 faciunt
1239 583 1390 650 invicem
1408 607 1512 671 gone·

372 707 553 791 rationem,
574 730 616 772 ex
634 707 825 795 parietibus
845 709 937 773 enim
957 716 992 773 et
1009 708 1177 775 lateribus
1197 731 1268 775 non
1291 716 1373 775 sunt
1390 702 1510 776 carnes

371 841 406 900 et
424 856 509 900 ossa.
534 832 702 899 Similiter
725 832 806 898 hinc
828 832 910 899 licet
933 833 1094 900 dubitare
1113 842 1234 901 contra
1252 835 1512 923 Empedoclem,

371 960 540 1045 quomodo
570 982 613 1025 ex
643 965 807 1046 quattuor
841 958 910 1024 illis
938 959 1116 1025 elementis
1144 959 1339 1026 immutatis
1367 971 1512 1047 possunt

326 1086 347 1148 ὃ
370 1083 486 1150 omnia
513 1084 690 1170 generari3
713 1091 849 1171 oportet
876 1106 958 1149 sane
983 1083 1193 1171 multiplices
1222 1085 1292 1151 illis
1322 1084 1512 1152 attribuere

371 1209 606 1292 alterationes,
638 1208 918 1296 quandoquidem
951 1209 1102 1298 simplici
1121 1217 1291 1295 quattuor
1313 1210 1514 1277 inalterabi-

369 1335 454 1401 lium
475 1358 642 1402 concursu
672 1344 772 1403 tanta
790 1335 981 1424 specierum
1000 1336 1151 1403 varietas
1179 1335 1273 1402 haud
1297 1335 1435 1422 quidam
1454 1360 1513 1425 po-

369 1462 453 1527 terit
482 1463 617 1529 salvari.
651 1465 834 1529 Praeterea
863 1464 1007 1530 dubium
1035 1463 1119 1547 erit,
1149 1462 1320 1550 quomodo
1348 1471 1513 1549 quattuor

369 1587 538 1654 elementa
564 1595 709 1675 possunt
739 1611 940 1655 concurrere
970 1589 1008 1653 in
1039 1588 1324 1675 compositionem
1357 1589 1512 1654 omnium

304 1726 347 1790 10
368 1713 621 1803 perfectorum
639 1738 726 1800 quae
754 1738 831 1781 cum
862 1721 1025 1781 maneant
1051 1714 1156 1781 etiam
1176 1723 1256 1782 actu
1280 1723 1315 1782 et
1339 1715 1513 1782 retineant

367 1842 525 1928 proprias
555 1840 788 1925 excellentias,
807 1841 960 1928 perfecte
978 1865 1014 1907 se
1037 1843 1177 1928 quidam
1201 1842 1381 1908 habebunt
1402 1843 1446 1909 ad
1464 1842 1513 1908 di-

368 1970 519 2035 vortium
535 1966 742 2050 faciendum,
760 1968 803 2034 ad
817 1968 1028 2035 consortium
1043 1991 1124 2035 vero
1141 1992 1200 2035 scu
1220 1969 1509 2056 compositionem

367 2094 467 2161 valde
487 2093 655 2161 inhabilia
675 2093 895 2160 videbuntur.
919 2093 1068 2160 Proinde
1089 2094 1245 2161 videmus
1267 2094 1440 2160 elementa
1459 2093 1509 2159 ita

367 2221 604 2304 transmutari,
625 2228 665 2286 ut
690 2242 733 2285 ex
755 2219 808 2285 his
829 2219 915 2285 fiant
934 2243 1052 2285 carnes
1080 2227 1114 2285 et
1143 2243 1234 2303 ossa,
1264 2220 1326 2287 ubi
1358 2219 1509 2286 calidum

303 2355 343 2418 15
366 2346 497 2412 factum
514 2354 565 2412 est
580 2345 762 2432 frigidum,
779 2345 948 2432 frigidum
967 2345 1097 2412 factum
1114 2352 1165 2410 est
1182 2344 1341 2428 calidum,
1358 2368 1420 2410 nec
1437 2366 1507 2410 non

366 2473 403 2538 in
420 2473 568 2539 mediam
584 2480 618 2537 ct
634 2481 793 2540 neutram
810 2472 983 2558 quandam
999 2479 1160 2538 naturam
1177 2478 1413 2538 convenerunt
1433 2493 1509 2536 con·

365 2600 488 2682 traria,
515 2622 602 2686 (luae
622 2600 659 2666 in
678 2624 739 2666 sua
769 2598 988 2665 extremitate
1012 2597 1235 2663 consistentia
1259 2596 1409 2662 nihilum
1429 2619 1509 2682 pro·

365 2725 543 2808 ducerent,
562 2726 621 2792 sod
640 2725 787 2793 maxime
806 2733 927 2790 mutuo
947 2723 1097 2789 invicem
1117 2723 1301 2789 evitarent.

1534 2946 1679 3009 66rB

1530 3037 1621 3100 46r
1635 3036 1672 3100 0

584 3005 617 3042 td.
634 3003 666 3041 De
681 3003 845 3052 compositione
860 3003 984 3042 mixtorum
1000 3014 1027 3041 cx
1042 3005 1149 3050 quartuor
1163 3001 1291 3042 olcmontls.

297 3221 341 3284 20
452 3215 617 3304 Corpora,
638 3238 725 3302 qliae
745 3223 828 3283 sunt
846 3216 936 3282 circa
963 3216 1114 3282 medium
1136 3217 1264 3300 locum,
1286 3223 1366 3281 sunt
1393 3215 1505 3280 mixta

363 3345 479 3412 omnia
498 3355 533 3411 et
563 3367 605 3409 ex
628 3343 788 3409 omnibus
817 3343 1006 3431 composita
1035 3343 1263 3434 simplicibus,
1291 3352 1330 3408 ut
1360 3348 1506 3407 terrast

363 3494 463 3558 aqua3
481 3479 539 3535 aer
554 3493 635 3536 vero
655 3478 689 3535 et
707 3469 800 3556 ignis
817 3491 887 3535 non
900 3470 959 3535 ita.
976 3470 1027 3535 De
1044 3476 1208 3556 quattuor
1226 3490 1308 3553 ergo
1325 3466 1505 3532 elementis

362 3606 454 3663 terra
484 3596 633 3662 maxime
664 3596 824 3662 omnibus
854 3595 1052 3681 compositis
1083 3595 1194 3661 inesse
1225 3593 1381 3673 videtur,
1421 3591 1507 3656 haec

362 3724 509 3789 enimin
540 3747 579 3788 oa
598 3731 679 3788 sunt
708 3731 876 3808 tanquam
901 3721 938 3786 in
966 3723 1104 3809 proprio
1132 3722 1223 3805 loco,
1253 3720 1290 3785 in
1314 3719 1391 3785 aliis
1423 3741 1504 3783 vero

295 3850 338 3912 25
362 3849 445 3915 locis
460 3849 736 3936 peregrinantur.
756 3851 855 3932 Aqua
873 3846 1031 3932 indigent
1046 3846 1152 3912 etiam
1169 3844 1377 3932 composita,
1392 3866 1507 3928 quom-

362 3973 544 4039 admodum
574 3981 607 4038 et
636 3973 816 4040 terminari
846 3973 985 4055 debent,
1014 3979 1134 4058 utpote
1166 3971 1271 4036 etiam
1302 3969 1377 4056 ipsa
1402 3968 1505 4033 facilc

362 4099 614 4180 terminabilis,
646 4109 679 4165 ct
699 4122 760 4186 per
790 4099 901 4185 ipsam
929 4105 1021 4162 terra
1041 4097 1187 4183 suscipit
1206 4094 1504 4176 terminationem,

362 4224 641 4310 quandoquidem
661 4226 734 4290 sina
753 4224 895 4289 humido
912 4231 1003 4288 terra
1021 4244 1090 4287 non
1108 4222 1324 4304 consisteret,
1341 4219 1401 4289 sed
1416 4217 1505 4283 acris

452 4494 468 4541 9
485 4490 694 4557 compositione
707 4489 735 4539 Ε
796 4493 826 4540 19
839 4506 852 4539 a
864 4493 896 4542 20
913 4489 1063 4541 mistorum
1077 4504 1090 4536 c
1104 4489 1190 4538 mista
1207 4487 1233 4538 Ε
