3488 5108
302 396 361 455 582
742 410 881 456 mansur
904 410 1006 454 namu

302 565 425 647 Feta,
446 587 534 650 quae
552 528 683 652 septem
707 565 948 632 circulationes
968 574 1101 653 septem
1119 566 1354 633 hebdomadae
1374 568 1449 634 dies

302 695 445 756 causant
464 696 498 754 et
516 712 538 755 a
556 695 688 777 septem
706 690 856 777 planetis
877 697 1038 757 causatae
1056 691 1230 759 dicamur.

390 820 410 897 ξ
430 814 474 878 II.
494 814 631 880 Prima
654 814 1066 881 Oirculatio.-Prima
1082 817 1262 884 circulatio
1278 817 1318 883 fit
1333 840 1450 883 ascen·

300 939 412 1004 dendo
443 939 486 1004 ab
514 939 544 1003 Ε
573 938 692 1004 circuli
723 939 867 1006 minoris
899 940 942 1006 ad
969 939 1110 1007 domum
1141 941 1249 1029 ipsius
1268 941 1302 1007 A
1325 942 1448 1009 circuli

257 1063 453 1147 5maioriS,
484 1069 519 1127 et
548 1062 629 1129 inde
660 1062 751 1129 deB
780 1064 823 1129 ad
846 1065 889 1148 F,
914 1064 964 1130 sic
987 1065 1029 1131 de
1057 1065 1151 1131 Bad
1171 1066 1213 1150 Ε,
1233 1067 1262 1132 F
1286 1067 1331 1132 ad
1354 1067 1447 1153 B,o

300 1186 1132 1273 adF,GadO‚DadG‚HadD‚AadH.

388 1415 473 1475 Istae
490 1413 702 1474 circulationes
714 1413 939 1489 subsequentes
949 1414 1024 1473 alibi
1041 1415 1172 1474 aLullio
1185 1416 1328 1476 dicuntur
1344 1437 1446 1494 sanas,

300 1524 372 1585 alibi
391 1521 501 1601 partim
519 1540 610 1581 sanas
627 1522 739 1599 partim
750 1520 900 1597 infirmas,
914 1521 987 1580 alibi
999 1531 1101 1582 autem
1114 1523 1249 1583 infirmae
1259 1526 1448 1586 constituere

300 1631 420 1707 domos,
439 1629 519 1689 circa
536 1627 618 1703 quod
636 1637 685 1688 est
702 1627 1007 1688 animadvertendum
1022 1649 1127 1689 sanam
1145 1630 1271 1691 iudicari
1289 1633 1445 1708 regionem

237 1748 279 1810 10
304 1760 340 1798 ex
357 1759 393 1798 eo
410 1736 481 1811 quia
498 1755 534 1795 ex
552 1733 775 1812 significatione
797 1735 968 1794 litterarum
989 1734 1131 1812 duarum,
1150 1755 1259 1816 nempe
1276 1739 1375 1798 altera
1392 1739 1448 1799 cir-

300 1846 359 1905 culi
375 1843 512 1919 maioris,
530 1843 629 1902 altera
645 1841 749 1901 circuli
766 1843 906 1920 minoris,
924 1843 1062 1919 sequitur
1079 1845 1258 1905 constitutio
1280 1847 1447 1907 conformis

301 1951 417 2029 regioni
436 1949 526 2027 caeli,
544 1957 578 2008 ut
592 1947 738 2008 videlicet
755 1949 835 2009 circa
853 1950 1001 2009 orientem
1019 1951 1060 2010 sit
1081 1958 1134 2010 atr
1161 1961 1192 2011 et
1218 1959 1309 2013 aerea
1332 1954 1445 2014 consti»

301 2059 391 2134 tutio,
411 2057 491 2117 circa
509 2055 664 2116 meridiem
683 2055 763 2132 ignis
782 2065 814 2117 et
829 2057 919 2131 ignea
936 2057 1128 2134 constitutio,
1147 2059 1228 2118 circa
1255 2060 1447 2121 occidentem

300 2165 441 2225 similiter
457 2172 553 2240 terra,
567 2162 800 2240 circapnnctum
818 2162 936 2223 mediae
953 2164 1052 2224 noctis
1069 2183 1149 2240 aqua
1166 2184 1234 2226 cum
1250 2167 1315 2226 suis
1332 2168 1446 2227 consti·

235 2280 275 2342 15
299 2271 481 2349 tutionibus,
498 2277 530 2331 et
543 2278 615 2329 tunc
632 2278 732 2329 motus
746 2270 895 2329 naturalis
913 2280 962 2330 est
978 2271 1137 2333 ordinatus
1153 2281 1261 2351 utpote
1278 2275 1446 2334 conformis

299 2379 338 2439 ad
355 2399 490 2439 normam
506 2377 641 2438 universi
659 2376 825 2437 secundum
843 2385 948 2437 totum.
966 2377 1084 2438 Domus
1102 2380 1213 2456 partim
1227 2399 1315 2456 sana,
1330 2381 1444 2459 partim

298 2509 372 2549 vero
390 2508 462 2564 non,
480 2486 536 2546 sed
554 2507 592 2546 ex
607 2486 716 2545 maiori
733 2494 820 2563 parte
837 2504 913 2545 sana
934 2494 997 2562 est,
1020 2487 1140 2562 quando
1157 2486 1342 2563 significatio
1364 2488 1446 2548 litte

298 2616 351 2656 rao
367 2593 471 2655 circuli
488 2591 642 2653 inferioris
661 2588 826 2652 secundum
847 2613 938 2653 unam
960 2601 1078 2671 partem
1100 2594 1252 2654 concurrit
1268 2614 1335 2653 cum
1352 2594 1446 2672 signi·

298 2703 439 2763 ficaticne
457 2700 562 2761 circuli
583 2700 763 2777 superioris,
787 2700 954 2760 secundum
973 2700 1064 2759 aliam
1091 2720 1164 2761 vero
1189 2721 1267 2777 non;
1286 2701 1365 2761 unde
1382 2702 1444 2762 vir-

232 2825 276 2886 20
298 2821 348 2870 tus
376 2830 434 2869 una
459 2809 544 2866 venit
567 2807 722 2885 duplicata
749 2814 781 2866 et
807 2807 984 2867 confirmata
1012 2815 1043 2866 et
1070 2808 1318 2884 praedominans,
1347 2808 1445 2868 altera

299 2939 372 2979 vero
389 2927 515 2997 propter
535 2918 592 2977 hoc
614 2917 779 2976 dominium
796 2917 933 2975 remissa.
960 2916 1076 2975 Domus
1100 2937 1173 2977 vero
1201 2917 1319 2976 infirma
1347 2918 1443 2992 magis

298 3026 417 3103 quando
439 3045 455 3084 e
483 3033 602 3098 contra,
622 3044 731 3102 nempe
753 3024 919 3083 secundum
940 3024 1068 3082 alteram
1091 3025 1269 3099 qualitatem
1286 3043 1362 3099 quae
1380 3044 1441 3084 ser-

298 3136 350 3196 vit.
366 3134 481 3192 Domus
497 3142 599 3192 autem
616 3131 735 3190 infirma
754 3152 789 3190 ex
802 3139 868 3190 toto
884 3140 941 3207 est,
956 3132 1006 3189 ubi
1023 3132 1130 3190 ambae
1141 3132 1304 3206 qualitates
1319 3132 1443 3190 litterae

297 3241 450 3301 inferioris
463 3249 534 3299 sunt
548 3240 717 3298 contrariae
735 3239 933 3314 qualitatibus
952 3238 1070 3297 litterae
1090 3239 1257 3314 superioris
1274 3239 1442 3314 qualitatis,

231 3361 273 3423 25
298 3350 394 3421 Quam
410 3347 533 3423 quidem
551 3347 718 3406 doctrinam
736 3347 926 3424 applicantes
953 3347 993 3405 ad
1022 3349 1212 3424 propositum
1237 3347 1365 3407 dicimus
1387 3349 1441 3407 cir—

298 3458 397 3516 culum
420 3455 595 3515 inferiorem
622 3455 796 3528 significare
824 3456 1075 3515 constitutionem
1103 3456 1306 3531 microcosmi,
1331 3475 1440 3534 nempe

297 3563 433 3642 corporis
450 3563 573 3622 humani
591 3572 623 3621 et
639 3561 789 3620 individui
807 3561 952 3638 subiecti,
981 3563 1125 3621 circulum
1152 3583 1224 3623 vero
1250 3564 1440 3640 superiorem

297 3670 470 3749 significare
486 3670 735 3729 constitutionem
754 3670 937 3746 megacosmi
957 3691 1011 3730 seu
1040 3671 1143 3729 circuli
1173 3669 1289 3745 diurni3
1311 3670 1442 3730 circulus

297 3779 422 3838 diurnus
449 3797 558 3855 nempe
585 3777 833 3837 constitutionem
858 3787 986 3852 quatuor
1014 3779 1248 3855 elementorum,
1280 3799 1389 3857 nempe
1412 3781 1442 3839 in

231 3894 275 3957 30
297 3909 352 3947 suo
376 3907 444 3946 esec
467 3886 636 3945 subiectivo
659 3884 805 3962 sirnplioi3
831 3882 960 3944 circulus
988 3905 1060 3944 vero
1084 3887 1273 3946 microcosmi
1299 3887 1443 3947 constitu-

298 3996 411 4052 tionem
422 3993 453 4051 in
464 3994 647 4052 elementato
664 4013 718 4051 seu
736 3993 914 4069 composito,
929 3993 1008 4067 quod
1025 4015 1117 4070 supra
1131 3995 1247 4053 dictum
1262 4005 1310 4055 est
1326 3997 1356 4055 in
1373 4016 1442 4058 esse

298 4101 468 4160 subiectivo
487 4098 621 4159 secundo
638 4099 739 4159 modo,

307 4282 1437 4294 —-———————————.——-—-—

391 4380 455 4428 7.32
472 4376 499 4427 iu
513 4395 598 4443 marp.
617 4377 659 4426 M:
675 4395 724 4429 om.
738 4380 780 4428 Br
836 4382 864 4429 21
885 4380 1010 4449 proptor]
1024 4384 1100 4447 quod
1115 4389 1232 4447 propter
1246 4383 1289 4432 Μ1
1346 4385 1442 4433 22η

298 4462 416 4511 alteram
432 4461 463 4509 Μ
468 4462 473 4493 ¹
538 4460 567 4508 31
585 4460 655 4523 dopo
669 4458 744 4524 quod
757 4461 875 4509 caracalla
889 4462 1014 4512 diximus
1024 4463 1053 4512 M
1117 4471 1212 4528 supra]
1224 4481 1256 4528 11·
1272 4466 1332 4525 572,
1344 4467 1375 4513 15
1384 4481 1440 4528 sqq.
