3488 5108
717 428 761 472 uu
782 428 933 472 vmcvms
954 429 989 474 1n
1012 430 1153 475 caunas.
1346 440 1349 448 ·
1445 416 1505 476 695

361 586 709 652 communicationem
729 593 762 650 et
782 587 1084 674 participationem
1104 588 1233 654 bonum
1258 595 1293 654 et
1311 588 1504 676 pulchrum.

361 713 565 778 Exsumitur
603 712 696 777 enim
733 712 859 778 amoris
896 712 1073 779 vinculum
1113 715 1300 781 seeundum
1334 714 1505 780 rationem

362 859 578 903 communem
597 839 712 904 activo
731 845 764 904 et
790 840 941 926 passiv0,
963 862 1031 925 qua
1054 840 1183 922 omnia,
1210 839 1282 905 sive
1307 848 1414 925 agant
1433 839 1505 905 sive

361 964 542 1049 patiantur
565 964 638 1028 sive
665 971 850 1050 utrumque
868 964 1013 1047 faciant,
1034 965 1202 1049 ordinari,
1223 965 1391 1052 copulari,
1413 965 1505 1031 uniri

318 1089 338 1151 5
362 1097 396 1154 et
415 1089 533 1176 perfici
553 1089 710 1176 cupiunt,
730 1097 901 1175 quatenus
926 1097 1050 1156 natura
1077 1090 1245 1176 quaedam
1264 1091 1434 1175 ordinem,
1454 1114 1506 1156 co·

362 1216 494 1303 pulani,
516 1216 679 1281 unionem
699 1222 733 1281 et
752 1215 997 1302 perfectionem
1023 1225 1202 1303 operatur,
1222 1225 1326 1302 atque
1349 1217 1423 1282 sine
1442 1217 1507 1283 hoc

362 1341 501 1407 vinculo
520 1341 608 1406 nihil
628 1350 694 1423 est,
714 1342 804 1408 sicut
823 1341 897 1407 sine
912 1349 1038 1408 natura
1053 1342 1142 1407 nihil
1158 1349 1219 1407 est.
1232 1342 1311 1407 Non
1324 1349 1506 1429 propterea

362 1466 470 1551 igit-ur
501 1488 597 1532 amor
627 1466 924 1553 imperfectionem
944 1467 1131 1553 significat,
1155 1468 1214 1533 ubi
1245 1468 1284 1532 in
1307 1468 1452 1533 materia
1472 1475 1507 1532 et

362 1591 472 1658 Chaos
485 1599 566 1657 ante
579 1615 694 1657 rerum
707 1592 954 1679 perfectionem
972 1594 1236 1680 contemplatur;
1252 1600 1364 1660 totum
1378 1594 1506 1680 quippe

299 1725 340 1786 10
364 1717 456 1801 quod
475 1717 511 1781 in
531 1717 642 1784 Chaos
662 1726 697 1782 et
717 1718 819 1783 bruta
840 1717 898 1782 illa
919 1741 1023 1803 quam
1053 1719 1341 1804 excogitaverunt
1360 1718 1506 1784 materia

351 1841 489 1906 'dicitur
501 1866 573 1907 esse
589 1865 693 1924 amor,
714 1850 825 1908 totum
842 1843 970 1908 [licitur
989 1843 1177 1908 simulasse
1194 1842 1378 1930 perfectio;
1399 1865 1505 1928 quan·

361 1971 436 2031 tum
456 1990 537 2033 vero
557 1967 686 2033 dicitur
705 1990 775 2033 non
795 1991 881 2050 esse,
912 1968 1131 2054 imperfectio
1151 1975 1186 2032 et
1211 1969 1435 2050 inordinatio,
1456 1969 1505 2034 in·

361 2092 533 2179 telligitur
551 2116 621 2159 non
641 2116 713 2158 esse
732 2116 837 2157 amor.
852 2092 931 2158 Stat
945 2116 1042 2179 erge,
1064 2101 1103 2159 ut
1122 2116 1219 2158 amor
1235 2093 1361 2178 ubique
1378 2093 1506 2179 perfee-

362 2226 445 2301 tum,
462 2226 497 2282 et
511 2219 689 2283 vinculum
708 2218 772 2283 hoc
789 2219 917 2303 ubique
934 2219 1182 2305 perfect-ionem
1198 2226 1416 2284 contestetur.
1435 2218 1504 2285 Ubi

298 2355 338 2417 15
363 2342 491 2428 quippe
521 2343 761 2429 imperfectum
791 2350 885 2408 amat
912 2343 1045 2431 perfici,
1075 2344 1140 2411 hoc
1159 2343 1250 2429 quod
1274 2350 1367 2408 amat
1386 2342 1505 2429 perfici

361 2466 466 2532 habet
485 2466 624 2553 quidem
639 2490 701 2553 per
718 2466 1030 2554 imperfectionem,
1048 2468 1193 2534 sednon
1210 2468 1254 2533 ab
1272 2467 1505 2554 imperfectio-

361 2615 419 2674 ne,
449 2592 508 2656 sed
533 2606 624 2656 certe
647 2615 668 2657 a
690 2592 914 2679 perfectionis
933 2594 1202 2681 participatione
1226 2593 1375 2678 quadam
1400 2601 1434 2658 et
1458 2593 1507 2658 lu·

362 2716 454 2782 mine
467 2717 663 2782 divinitatis
683 2725 718 2783 ot
737 2718 976 2785 eminentioris
996 2718 1175 2785 cuiusdam
1194 2725 1340 2784 naturae
1360 2718 1505 2800 obiectu,

360 2848 459 2907 tanto
484 2845 594 2927 magis
617 2844 786 2909 vivaciter
813 2851 943 2930 quanto
968 2845 1207 2911 vehementius
1225 2844 1369 2931 appetit.
1391 2845 1507 2910 Altius

294 2975 338 3036 ‘20
361 2967 490 3053 quippe
524 2971 650 3034 summi
680 2992 795 3035 amore
827 2971 908 3035 boni
939 2971 1066 3056 flagrat
1096 2970 1188 3056 quod
1216 2970 1405 3056 perfectius
1438 2979 1505 3055 est,

362 3116 464 3176 quam
498 3094 589 3178 quod
621 3095 870 3181 imperfectum.
904 3095 1198 3161 Perfeotissimum
1225 3118 1306 3181 ergo
1337 3102 1390 3160 cst
1419 3096 1506 3161 illud

360 3220 587 3306 principium,
618 3220 708 3305 quod
738 3221 812 3285 fieri
842 3222 919 3286 vult
949 3220 1064 3285 omnia
1093 3229 1128 3286 et
1152 3221 1243 3306 quod
1267 3244 1337 3286 non
1362 3222 1406 3286 ad
1429 3244 1506 3309 par-

362 3344 542 3411 ticularem
572 3345 719 3410 formam
752 3345 862 3411 fertur
893 3354 928 3411 et
963 3346 1208 3432 particularem
1243 3345 1503 3433 perfectionem,

361 3470 420 3534 sed
444 3470 488 3534 ad
511 3469 706 3535 universam
731 3469 875 3536 formam
901 3478 936 3536 ct
960 3471 1003 3535 ad
1027 3470 1224 3535 universam
1248 3470 1505 3557 perfectionem.

294 3607 337 3670 25
360 3595 540 3661 Eiusmodi
560 3604 611 3660 est
630 3596 774 3661 materia
792 3618 854 3682 per
870 3597 1086 3679 uuiversum,
1099 3606 1196 3661 extra
1216 3620 1320 3683 quam
1339 3598 1435 3663 nulla
1454 3606 1505 3664 est

360 3720 484 3804 forma,
514 3721 553 3786 in
577 3721 672 3786 cuius
696 3721 867 3806 potantia,
893 3721 1054 3808 appetitu
1077 3728 1111 3785 et
1136 3721 1362 3808 dispositione
1387 3746 1504 3788 omnes

360 3853 442 3910 sunt
460 3846 606 3930 formae,
625 3854 763 3932 atquae
782 3845 819 3911 in
836 3847 994 3934 partibus
1012 3846 1082 3912 suis
1095 3846 1336 3913 vicissitudine
1355 3848 1504 3934 quadarn

361 3993 478 4036 omnes
496 3972 620 4060 recipit
638 3972 780 4055 formas,
802 3995 946 4057 qumum
967 3972 1070 4037 sinnrl
1087 3974 1143 4038 vel
1158 3973 1243 4038 (hias
1262 3975 1412 4060 recipere
1432 3997 1504 4040 non

359 4105 483 4183 posset.
514 4098 560 4162 Et
586 4098 744 4163 divinum
768 4119 851 4183 ergo
881 4097 1053 4182 quoddam
1082 4112 1134 4163 est
1163 4098 1327 4181 materia,
1355 4098 1444 4164 siout
1468 4107 1503 4165 et

295 4230 339 4292 30
361 4222 518 4288 divinum
540 4223 710 4309 quoddam
734 4221 952 4288 existimatur
979 4246 1052 4288 esso
1071 4223 1197 4307 forma,
1227 4246 1315 4309 quae
1335 4230 1396 4289 aut
1414 4224 1503 4290 nihil

433 4494 450 4542 2
455 4491 483 4555 s.
495 4489 625 4543 Sumitur
637 4493 680 4557 (cs.
687 4509 718 4556 p.
730 4493 793 4553 649,
804 4493 848 4555 25)
893 4493 1103 4559 lutrunqucilf
1144 4494 1203 4544 ml
1219 4495 1288 4558 σῃ).
1299 4495 1360 4554 649,
1371 4497 1502 4557 29-650,5
