3488 5108
374 398 415 458 68
812 409 952 459 reanum
972 410 1076 458 nunu

373 570 523 657 spirent,
542 570 641 655 quasi
663 569 709 636 ad
726 569 969 656 gubomatoris
991 576 1118 634 nutum
1140 568 1270 653 velum,
1289 570 1389 653 remi,
1415 566 1515 639 funes

373 703 409 760 et
427 695 561 780 reliqua
580 695 689 761 totius
706 696 806 761 navis
820 694 1029 782 multiplicia
1046 694 1278 762 instrumenta
1296 719 1359 784 pro
1377 698 1516 765 ratione

373 830 408 887 et
426 829 580 909 tempore
599 843 770 907 nusquam
788 820 1014 888 exorbitando
1033 843 1136 907 quem
1155 823 1287 910 optime
1304 831 1481 911 aptantur.

642 1135 717 1210 DE
749 1133 989 1210 SATVRNI
1022 1133 1243 1211 STATVA

750 1279 819 1353 ET
854 1277 1141 1354 PRINCIPIO.

459 1566 515 1631 Ab
539 1565 644 1632 unius
667 1564 882 1631 absolutione
905 1562 1145 1651 praecedentis
1169 1562 1317 1650 primam
1340 1561 1436 1629 illius
1459 1585 1514 1629 ex·

369 1691 592 1780 plicationem
608 1690 822 1758 intuebimur
834 1691 871 1755 in
882 1689 1048 1778 principii
1064 1689 1209 1755 ratione.
1230 1688 1400 1755 Saturnus
1419 1711 1513 1776 ergo,

368 1817 520 1883 Deorum
544 1815 691 1903 triplicis
714 1815 837 1882 mundi
858 1815 1131 1901 gubernatorum
1150 1836 1283 1900 parens,
1308 1814 1346 1878 in
1364 1814 1513 1900 triginta

369 1941 626 2008 conditionibus
644 1940 790 2006 totidem
809 1937 937 2005 referat
954 1938 1121 2026 principii
1139 1938 1304 2005 rationes.

304 2070 347 2134 10
457 2066 594 2131 Dicitur
616 2087 698 2151 ergo
721 2064 932 2153 principium
956 2063 1145 2130 secundum
1168 2065 1338 2130 rationem
1362 2087 1513 2131 commu·

368 2212 462 2274 nem,
478 2196 583 2277 prout
601 2188 748 2255 includit
765 2211 865 2255 omne
880 2211 991 2275 genus
1009 2188 1188 2272 initiandi,
1207 2188 1389 2256 caussandi
1409 2198 1444 2257 ct
1462 2191 1512 2257 cf-

368 2315 517 2382 ficiendi

454 2441 481 2507 L
505 2443 597 2529 Ergo
616 2441 745 2508 dicitur
765 2465 786 2507 a
806 2449 905 2530 patre
922 2441 1038 2507 Coelio
1055 2450 1166 2523 ortus,
1187 2442 1278 2507 unde
1295 2443 1511 2529 significetur

366 2568 577 2656 principium
604 2568 836 2655 originaliter,
856 2567 947 2633 unde
976 2566 1139 2633 videlicet
1162 2567 1296 2654 aliquid
1318 2591 1428 2655 genus
1452 2570 1510 2636 du·

302 2702 344 2766 15
366 2715 441 2759 cere
457 2692 584 2759 dicitur
599 2701 635 2758 et
650 2693 873 2780 intelligitur,
891 2700 1062 2780 quatenus
1078 2715 1190 2779 genus
1204 2696 1364 2760 naturale
1379 2694 1507 2762 dicitur

366 2819 600 2905 generationis
616 2818 837 2906 principium.

454 2945 500 3043 Πτ
524 2943 578 3008 Ex
595 2943 747 3009 eiusdem
766 2944 894 3010 semine
912 2944 1116 3031 progenitus
1137 2945 1365 3031 intelligatur,
1385 2946 1429 3011 ad
1447 2970 1508 3014 no·

365 3083 511 3150 tandum
538 3083 749 3171 principium
772 3083 952 3164 seminale3
977 3104 1093 3148 semen
1112 3081 1205 3147 enim
1225 3088 1278 3147 est
1296 3081 1508 3170 principium

364 3208 542 3274 materiale
560 3207 838 3295 propagatimm.

297 3316 342 3399 20
453 3333 516 3399 ΙΠ.
540 3332 763 3420 Intelligatur
791 3332 934 3398 consilio
960 3354 1021 3397 seu
1048 3331 1202 3397 familiae
1225 3331 1442 3417 praesidens,
1462 3332 1507 3398 ad

364 3457 627 3544 significandum
643 3458 854 3546 principium
871 3457 1151 3540 autoritativum,
1164 3465 1205 3522 ut
1217 3457 1265 3522 ita
1283 3456 1410 3541 dicam,
1427 3480 1509 3544 qua·

363 3591 464 3650 tenus
491 3584 534 3649 ab
553 3582 627 3650 eius
646 3585 833 3650 autoritate
861 3596 896 3649 et
923 3591 1012 3649 nutu
1031 3592 1201 3671 reguntur
1220 3585 1427 3650 domesticae
1451 3585 1506 3650 vel

363 3711 483 3776 civiles
498 3709 664 3793 actioneS,
684 3733 704 3775 a
724 3733 792 3797 que
810 3711 944 3776 rat-ione
959 3712 1158 3799 principum
1177 3714 1338 3800 princeps
1354 3712 1507 3778 denomi-

362 3843 476 3901 natur.

295 3961 339 4024 25
451 3961 510 4027 IV.
535 3963 588 4027 Ex
606 3985 646 4029 eo
666 3963 757 4048 quod
777 3963 897 4029 ordine
911 3963 1097 4051 praecedit,
1110 3964 1269 4030 vordinale
1294 3965 1505 4053 principium

264 4212 268 4218 ,
456 4159 599 4216 l<unius>
615 4159 818 4223 gubernatoris
835 4159 867 4209 Μ
926 4161 1001 4219 our]
1018 4160 1035 4210 l.
1054 4177 1103 4212 sev
1167 4161 1198 4211 13
1215 4163 1324 4222 Coelio}
1341 4164 1378 4227 cs.
1391 4162 1443 4228 pu
1457 4162 1505 4230 pila

361 4239 507 4304 ilcopitclo
518 4240 560 4290 De
571 4241 676 4305 Campo
689 4240 767 4291 Coeli
779 4241 808 4305 (l.
820 4241 921 4304 Coelii)
935 4247 964 4292 et
976 4242 1080 4292 Vestae
1096 4242 1129 4305 (s.
1146 4245 1198 4292 143
1228 4260 1282 4307 sqq.
1295 4244 1332 4310 A)
1396 4244 1428 4293 20
1440 4259 1507 4295 con·

362 4322 427 4372 cilio
448 4319 480 4369 Μ
549 4321 581 4370 22
598 4320 793 4371 domesticeA
864 4321 946 4371 ml
960 4323 1041 4386 jorse
1057 4321 1089 4371 df
1111 4325 1152 4385 (z
1168 4324 1285 4387 dicitur)
1309 4324 1357 4375 A1:
1378 4325 1506 4376 nomina·

361 4408 410 4452 tur
426 4400 459 4450 Μ
518 4402 550 4450 25
566 4402 636 4466 dopo
651 4402 798 4467 praecedit
818 4400 977 4468 interpungo
992 4402 1037 4464 Μ,
1054 4404 1125 4467 dopo
1149 4403 1323 4468 principium
1340 4406 1379 4470 A,
1396 4406 1461 4456 dore
1482 4403 1505 4456 il

361 4488 478 4547 aequente
491 4482 634 4547 praesidet
647 4485 707 4547 (cnr.
719 4483 761 4546 Μ)
773 4483 876 4532 sembra
889 4484 1010 4534 derivato
1022 4485 1058 4534 da
1075 4502 1098 4534 e.
1114 4486 1150 4533 20
