3488 5108
292 362 333 421 92
735 378 873 425 rounam
893 376 995 424 nnvm

291 539 437 623 frenare,
450 541 532 626 quia
542 540 709 608 subiectio
721 541 869 607 fluctuat
880 564 983 628 supra
996 541 1250 607 materialitatis
1263 540 1434 608 fluctuan-

291 664 386 732 tiam.
407 666 508 732 Hanc
523 667 615 732 enim
631 667 800 732 rationem
817 665 1062 732 mutabilitatis
1079 665 1239 732 elementi
1256 666 1432 752 cognosci·

291 814 368 857 mus
387 813 546 858 emanare
565 813 583 855 e
601 790 834 856 mutabilitate
853 791 1027 856 materiae.

380 915 463 981 XII.
488 915 589 981 Nuda
611 915 771 1001 fingitur,
797 915 878 1000 quia
902 937 1002 981 omne
1026 916 1233 1000 subiectum,
1259 923 1431 1003 quatenus
1458 919 1574 983 138r

246 1047 267 1110 5
290 1041 484 1107 subiectum
502 1041 704 1124 formarum,
720 1040 867 1127 requirit
885 1047 920 1107 et
938 1040 1110 1108 desiderat
1129 1041 1382 1129 operimentum
1397 1050 1434 1108 et

290 1174 543 1234 ornamentum.

377 1293 479 1358 XIII.
508 1292 636 1359 Somno
660 1291 772 1379 sopita
796 1314 816 1356 a
840 1291 941 1359 Peleo
970 1293 1210 1378 praevenitur,
1240 1293 1323 1378 quia
1355 1294 1432 1359 sub·

289 1418 416 1483 iectum
443 1440 514 1483 non
541 1406 769 1503 intelligendo
792 1417 848 1481 vel
872 1416 1134 1501 considerando,
1159 1417 1218 1484 sed
1242 1424 1369 1504 agente
1397 1425 1432 1482 et

204 1520 207 1526 ’
288 1549 452 1630 operante
471 1549 766 1629 cognoscenteque
786 1528 957 1607 formatur
976 1564 1036 1608 seu
1055 1542 1239 1609 formabile
1259 1550 1319 1608 est.

225 1669 266 1732 10
376 1668 473 1733 XIV.
493 1667 499 1681 '
515 1668 679 1733 Precibus
694 1668 848 1733 tentata'
864 1690 935 1733 non
948 1669 1133 1752 consentit,
1150 1668 1209 1734 sed
1226 1669 1262 1734 vi
1279 1668 1432 1755 cogenda

287 1792 455 1880 persistit,
483 1794 565 1878 quia
588 1792 782 1858 subiectum
810 1792 944 1859 ratione
970 1793 1152 1859 formabile
1176 1815 1246 1858 non
1269 1792 1371 1859 facile
1395 1815 1430 1857 se

286 1918 428 2005 praebet
447 1919 620 2005 operanti,
640 1918 731 1984 unde
751 1919 788 1983 in
807 1918 901 1983 omni
921 1919 1120 2006 operatione
1136 1918 1227 1984 circa
1248 1918 1429 1984 materiam

285 2045 465 2131 physicam
484 2046 582 2111 labor
601 2053 653 2110 est
672 2050 706 2110 et
725 2045 886 2132 exigitur.

375 2170 453 2235 XV.
478 2169 600 2235 Peleus
620 2194 639 2235 a
658 2170 803 2236 Thetide
824 2171 861 2235 in
884 2171 1005 2258 tigrim
1029 2170 1276 2236 transformata
1299 2146 1427 2255 perter-

127 2380 129 2384 Α
221 2300 262 2363 15
286 2295 436 2361 refectus
456 2295 606 2377 desistit,
627 2296 709 2382 quia
729 2318 835 2383 agens
858 2296 1033 2362 interdum
1057 2318 1077 2360 a
1101 2295 1255 2361 subiecto
1280 2296 1426 2361 exsusci-

283 2427 336 2485 tat
363 2420 504 2504 formas,
533 2444 617 2506 quas
646 2422 787 2487 minime
816 2421 1034 2504 intendisset,
1063 2421 1144 2508 quia
1171 2422 1333 2487 videlicet
1356 2443 1427 2487 non

283 2546 395 2612 omnis
423 2546 557 2633 agentis
588 2547 741 2633 operatio
777 2547 867 2612 circa
895 2546 1087 2613 subiectum
1119 2546 1222 2611 finem
1251 2546 1425 2611 intentum

284 2672 520 2757 consequitur,
541 2671 600 2737 sed
619 2672 793 2738 interdum
813 2672 995 2738 contraria.

371 2796 467 2860 XVI.
491 2796 611 2863 Thetis
630 2819 692 2884 per
715 2820 750 2863 se
769 2797 880 2883 ipsam
899 2796 1064 2862 facillime
1084 2818 1202 2862 omnes
1227 2797 1356 2884 figuras
1374 2820 1425 2863 as·

215 2923 261 2986 20
284 2921 403 3003 sumit,
428 2921 509 3007 quia
534 2922 727 2988 subiectum
752 2921 933 3008 physicum
963 2921 1090 2987 formas
1119 2922 1278 3010 proprias
1303 2931 1425 3010 sponte

281 3045 551 3113 innumerabiles
581 3048 690 3113 veluti
713 3071 732 3111 e
760 3071 795 3113 se
824 3048 898 3135 ipso
924 3047 1053 3132 educit,
1079 3048 1208 3135 hasque
1237 3048 1425 3114 intrinseco

281 3173 427 3256 cultore,
450 3171 636 3239 difficiliter
655 3181 770 3239 autem
790 3173 1001 3239 extrinsecus
1025 3175 1183 3261 operanti
1207 3174 1424 3260 obsequitur3

281 3296 371 3361 unde
390 3297 548 3364 videmus
569 3307 696 3365 terram
715 3298 816 3364 facile
836 3298 1024 3385 producere
1050 3321 1128 3365 suas
1151 3299 1274 3364 herbas
1298 3305 1332 3363 et
1355 3299 1427 3364 ani·

280 3422 398 3504 malin,
419 3423 558 3488 difficile
578 3446 659 3489 vero
679 3447 698 3489 a
718 3424 849 3489 cultore
869 3424 1023 3489 converti
1043 3424 1087 3489 ad
1106 3431 1216 3489 certas
1230 3422 1349 3509 fruges
1374 3430 1424 3489 at-

212 3546 256 3608 25
281 3570 346 3632 que
366 3546 509 3614 fructus.

368 3673 483 3738 XVII.
508 3674 666 3758 Formae,
688 3696 771 3759 quas
790 3698 851 3761 per
870 3699 905 3740 se
925 3675 1035 3762 ipsam
1056 3675 1213 3757 assumit,
1232 3680 1314 3739 sunt
1333 3673 1423 3738 dete-

278 3801 401 3883 riores,
423 3807 543 3886 utpote
562 3801 671 3881 venti,
698 3801 842 3883 arboris,
868 3801 1050 3886 serpentis,
1073 3798 1226 3886 tigridis,
1254 3798 1421 3885 optimam

370 4139 385 4187 7
402 4138 496 4203 sopita
509 4139 553 4203 (cs.
572 4136 648 4188 Ouid.
659 4137 676 4187 t.
689 4153 710 4186 c.
724 4138 783 4202 251)
797 4134 855 4186 noi:
870 4136 965 4202 sopito
977 4136 1015 4186 A:
1030 4138 1143 4204 sopitur
1155 4137 1185 4187 M
1232 4141 1248 4191 8
1260 4138 1322 4198 (ab)
1337 4154 1422 4204 agon·

273 4275 303 4320 te
315 4271 345 4320 Μ
408 4272 439 4321 10
456 4270 532 4322 ovid.
551 4272 568 4321 l.
586 4289 607 4322 c.
623 4274 675 4321 239
738 4273 766 4320 11
783 4271 866 4322 facilc
879 4271 909 4320 M
917 4272 1084 4322 :facilomA
1148 4272 1178 4321 21
1189 4222 1359 4335 ,d-iltrineaco
1375 4273 1407 4324 M
1414 4292 1421 4326 ε

275 4351 475 4401 extrinsecoA
538 4353 569 4402 22
583 4352 735 4403 difficulter
749 4350 783 4401 M
843 4353 1198 4406 cleonaaisudiverti
1216 4355 1248 4405 M
1308 4356 1417 4405 27ven·

274 4436 306 4491 ti]
319 4434 398 4494 forse
415 4431 540 4483 volucris
559 4450 574 4482 ο
591 4435 664 4498 avis;
680 4435 716 4497 cf.
733 4431 809 4484 Ouid.
824 4433 842 4484 l.
854 4450 876 4484 c.
890 4435 945 4482 243
