3488 5108
454 373 513 433 662
895 383 1035 429 rounam
1057 380 1159 426 aaran

454 550 489 609 et
513 549 595 610 sunt
614 566 701 630 quae
720 542 880 609 vinciunt
902 540 1046 607 alterius
1069 539 1219 621 ratione,
1238 539 1293 605 cui
1322 537 1456 620 adsint,
1481 533 1627 603 submi·

455 670 617 753 metuent,
636 667 692 733 vel
711 667 755 733 ad
774 667 865 753 quod
891 667 1093 754 disponant,
1114 666 1205 733 sicut
1222 674 1257 730 et
1272 663 1468 731 formosum
1492 659 1625 728 aedifi·

455 795 546 861 cium
564 817 606 860 ex
623 793 832 860 informibus
849 793 1009 882 partibus
1029 792 1218 878 consurgit.

794 1044 922 1085 vincienda
937 1045 1003 1084 varta
1015 1043 1119 1084 swalma,
1135 1042 1186 1083 Art.
1202 1043 1263 1083 xvi.

409 1219 430 1282 5
543 1216 655 1282 Multa
670 1224 752 1282 sunt
764 1237 861 1300 quae,
878 1237 957 1281 cum
975 1213 1120 1302 pulchra
1140 1213 1305 1295 existant,
1320 1217 1496 1296 tanquam
1514 1208 1618 1274 bena

453 1349 570 1407 tamen
590 1362 653 1406 nos
676 1340 852 1422 vinciunt,
882 1329 923 1405 ut
947 1361 1068 1424 equus,
1100 1337 1216 1418 navis,
1237 1336 1372 1418 domus,
1399 1341 1539 1414 statua,
1559 1355 1621 1399 ca·

454 1465 509 1530 nis
539 1472 574 1531 et
608 1465 692 1531 avis.
731 1465 844 1530 Homo
876 1485 959 1531 vero
990 1463 1135 1550 pulcher
1167 1485 1239 1528 non
1274 1460 1386 1527 vincit
1415 1466 1456 1526 ut
1493 1459 1619 1526 benus

452 1589 635 1673 habeatur,
655 1591 766 1656 bonus
786 1590 891 1655 etiam
910 1612 980 1655 nen
999 1588 1111 1654 vincit
1134 1597 1175 1654 ut
1192 1586 1336 1675 pulcher
1363 1584 1616 1667 existimatum

453 1714 631 1782 accidente
643 1717 734 1781 enim
748 1716 897 1801 quodam
914 1716 962 1799 fit,
979 1722 1019 1781 ut
1029 1736 1107 1780 cum
1126 1711 1386 1800 pulchritudine
1402 1712 1450 1779 sit
1465 1711 1618 1777 lacinus

390 1851 431 1915 10
453 1848 488 1906 et
507 1864 611 1907 error.
635 1841 689 1907 Da
713 1841 842 1928 quippe
860 1840 1039 1928 pulchram
1059 1848 1094 1904 et
1112 1860 1321 1927 pauperem:
1341 1837 1455 1925 magis
1475 1836 1617 1903 sollici·

453 1973 561 2050 tatur,
578 1965 716 2032 facilius
732 1965 832 2032 donis
844 1966 1005 2031 allicitur.
1019 1965 1167 2031 Diversa
1183 1963 1409 2044 diversorum,
1424 1961 1615 2028 contraria

454 2093 705 2159 contrariorum
725 2098 760 2157 et
780 2091 946 2157 similium
966 2091 1088 2157 similis
1107 2096 1159 2157 est
1177 2090 1277 2157 ratio.

848 2296 975 2336 vinolentis
989 2296 1062 2337 sedes.
1079 2295 1129 2337 Art.
1145 2296 1219 2337 xvir.

541 2452 674 2517 Putant
703 2449 863 2515 nonnulli
893 2471 1016 2537 parum
1044 2448 1313 2536 distinguentes,
1340 2455 1381 2514 ut
1407 2447 1609 2533 Platonici,

388 2587 429 2652 15
453 2576 539 2642 illud
560 2576 651 2661 quod
671 2575 781 2642 vincit
801 2597 876 2660 csse
892 2575 943 2639 rei
962 2575 1125 2662 speciem,
1145 2597 1233 2660 quae
1256 2597 1277 2640 a
1294 2597 1330 2639 re
1350 2574 1356 2662 1
1376 2572 1421 2639 ad
1444 2573 1609 2639 animam
1636 2578 1732 2643 89¹³

452 2700 697 2788 proficiscitur,
718 2722 738 2765 a
757 2722 794 2765 re
817 2699 971 2766 subiecta
990 2706 1107 2765 tamen
1137 2722 1208 2766 nen
1227 2699 1368 2784 recedit,
1389 2699 1481 2766 sicut
1505 2697 1609 2786 ignis

453 2827 512 2912 qui
546 2827 803 2891 communicans
838 2848 935 2891 suam
970 2827 1117 2913 speciem
1151 2847 1221 2890 non
1256 2830 1470 2908 attenuatur,
1508 2823 1607 2890 sicut

451 2951 567 3038 imago
584 2974 672 3037 quae
691 2952 728 3017 in
747 2953 900 3019 subiecto
913 2953 1039 3041 prime,
1060 2951 1140 3017 iude
1159 2952 1196 3016 in
1215 2952 1366 3039 speculo,
1383 2954 1421 3018 in
1436 2953 1608 3018 interme·

451 3079 508 3147 dio
526 3087 561 3144 et
580 3079 618 3145 in
637 3081 754 3146 oculis.
769 3081 877 3165 Atqui
893 3080 1100 3168 profundius
1115 3080 1371 3146 considerantes
1389 3080 1604 3163 invenimuS,

386 3211 430 3276 20
453 3226 524 3270 esse
544 3204 682 3291 quidem
705 3205 743 3270 in
763 3227 904 3293 corpere
923 3213 957 3270 ct
978 3205 1127 3291 quodam
1147 3205 1302 3271 sensibili
1329 3204 1460 3271 vinculi
1484 3206 1605 3271 consi·

450 3330 629 3414 atentiam,
648 3331 716 3415 sed,
730 3331 819 3398 sicut
836 3333 961 3417 anima,
977 3334 1074 3399 cuius
1091 3333 1324 3400 conditionem
1337 3333 1471 3398 animae
1484 3333 1605 3399 virtus

452 3459 686 3543 consequitur,
716 3459 848 3524 nullam
874 3459 980 3526 habet
1010 3459 1189 3525 definitam
1217 3460 1254 3526 iu
1284 3481 1423 3548 corpore
1450 3468 1603 3547 partem.

454 3582 526 3647 Etsi
552 3582 682 3670 quippe
705 3583 830 3650 vulnus
855 3585 981 3650 amoris
1001 3585 1046 3650 sit
1066 3586 1109 3650 ab
1130 3584 1238 3651 oculis
1266 3585 1321 3651 vel
1346 3586 1389 3652 ab
1418 3607 1475 3650 ore
1500 3586 1604 3651 vela

452 3708 577 3793 colore,
598 3716 804 3774 nontamen
834 3710 871 3774 in
890 3708 961 3775 illis
980 3710 1186 3798 simpliciter
1215 3712 1270 3776 vel
1289 3711 1332 3776 ab
1351 3710 1422 3776 illis
1445 3709 1603 3776 inveniri

384 3836 428 3900 ‘25
452 3832 507 3898 vel
537 3835 720 3919 provenire
747 3834 939 3919 videbitur,
959 3837 1096 3922 quando
1122 3837 1213 3902 oculi
1237 3859 1299 3923 per
1328 3859 1364 3902 se
1388 3834 1605 3920 seorsimque

451 3960 626 4044 conspecti
646 3982 716 4024 non
735 3959 864 4026 habent
889 3960 1031 4027 eandem
1056 3963 1141 4047 vim,
1160 3984 1263 4048 quam
1280 3985 1300 4026 a
1317 3960 1501 4028 collatione
1521 3983 1603 4027 cum

450 4083 592 4170 reliquis
610 4085 769 4171 partibus
788 4085 899 4152 faciei.
914 4087 1034 4154 Simile
1050 4088 1218 4154 iudicium
1235 4096 1287 4154 est
1302 4088 1344 4153 de
1359 4110 1426 4173 ore,
1446 4087 1487 4153 de
1503 4109 1602 4171 uase,

545 4364 606 4427 10f.
620 4381 649 4428 p.
663 4365 723 4422 aas,
737 4365 766 4412 11
829 4365 854 4414 5.
866 4365 933 4429 1212.
948 4365 1082 4425 maan
1145 4363 1434 4427 lampadum-25
1501 4363 1597 4428 rasqq.

452 4447 487 4511 cs.
497 4462 528 4507 p.
546 4446 608 4509 640,
620 4446 654 4492 26
664 4460 718 4508 sqq.
735 4445 795 4504 686,
806 4446 840 4493 26
852 4461 907 4509 sqq.
957 4447 987 4496 19
1004 4444 1273 4508 cousyderantesM
1318 4445 1348 4495 21
1366 4441 1604 4511 euius1haiusu
