3488 5108
554 415 644 462 LIBRI
665 416 877 463 Pttrsrconvu
900 418 1112 465 ARISTOTELIS
1133 417 1329 463 aretinum.
1453 400 1514 459 353

367 573 443 637 nati
462 582 545 638 sunt
560 594 667 637 unum
688 594 760 637 esse
780 596 840 638 ens
859 584 894 638 et¹
913 573 1105 653 inunobile,
1126 582 1158 637 et
1179 595 1198 637 a
1219 572 1407 637 mobilibus
1428 571 1513 661 ipsis

366 720 453 784 quae
484 696 646 763 videntur
672 698 807 762 ratione
827 697 976 783 quadam
999 698 1263 777 abstrahebant,
1283 697 1512 784 despicientes

366 844 505 890 sensum
524 830 559 887 et
577 822 706 887 rationi
725 821 757 888 ei
774 822 1010 907 adhaerentes,
1029 846 1115 910 quae
1132 823 1308 888 videretur
1323 822 1512 888 secundum

366 947 592 1014 intellectum.

323 1077 345 1138 5
455 1093 488 1132 ⁵⁹.
510 1071 577 1138 Sed
597 1094 661 1138 nos
680 1073 743 1137 hoc
760 1072 1025 1161 philosophandi
1041 1096 1151 1159 genus
1170 1074 1410 1139 existimamus
1435 1094 1512 1137 con·

366 1198 486 1265 sistere
509 1198 547 1263 in
571 1198 686 1263 verbis
710 1197 836 1282 quibus
852 1197 948 1262 nulla
967 1199 1079 1264 subsit
1102 1198 1291 1279 sententia,
1312 1206 1347 1263 et
1370 1197 1512 1263 vocibus

366 1322 475 1389 veluti
494 1323 569 1388 sine
589 1322 856 1408 significatione,
877 1330 948 1388 tam
969 1322 1055 1388 bene
1075 1345 1179 1409 quam
1198 1322 1268 1387 illis
1292 1321 1512 1387 existimaba-

366 1454 423 1512 tur
442 1447 532 1512 ratio
552 1446 627 1512 sine
645 1469 762 1529 sensu;
782 1446 952 1532 quomodo
972 1448 1063 1513 enim
1084 1448 1201 1534 ignem
1221 1454 1255 1512 et
1274 1446 1422 1534 glaciem
1442 1468 1512 1511 non

366 1571 629 1659 distinguemus,
645 1580 680 1636 et
696 1571 826 1637 bonum
842 1582 876 1636 et
896 1573 1025 1637 mulum
1044 1572 1270 1660 apparentiae
1284 1569 1512 1636 desuetudine

302 1698 344 1759 10
366 1697 513 1783 quadam
533 1695 773 1761 tantummodo
792 1695 961 1781 distingui
983 1696 1018 1761 in
1038 1697 1161 1764 rebus?
1179 1696 1246 1762 Sed
1260 1696 1353 1762 hunc
1372 1695 1512 1761 modum

364 1820 631 1908 philosophandi
652 1821 793 1887 omniuo
817 1821 1085 1901 contemnimus3
1110 1821 1169 1887 sed
1200 1821 1439 1887 tantummodo
1468 1819 1511 1886 ad

364 1946 606 2034 Empedoclem
627 1955 661 2010 et
682 1946 896 2032 Leucippum
917 1952 1167 2011 convertamur.

452 2091 486 2129 es.
506 2071 705 2158 Leucippus
723 2071 815 2135 enim
843 2070 980 2135 volebat
1004 2093 1076 2136 esse
1101 2070 1267 2155 quaedam
1293 2092 1437 2157 corpora
1461 2092 1512 2136 so-

363 2195 434 2263 lida
452 2205 487 2262 et
507 2195 652 2261 minima
671 2218 731 2261 seu
750 2194 994 2277 indivisibilia,
1014 2219 1101 2282 qum
1127 2195 1258 2260 nullam
1279 2217 1361 2282 prae
1382 2218 1417 2260 se
1437 2195 1441 2282 l
1463 2194 1510 2260 fe·
1532 2192 1663 2256 41vc

300 2318 340 2381 15
363 2332 445 2389 runt
468 2346 510 2387 ex
534 2345 595 2387 sua
620 2331 745 2388 natura
769 2321 932 2409 speciem,
957 2322 1015 2388 sed
1039 2344 1113 2386 eum
1133 2321 1374 2387 tantummodo
1394 2320 1511 2386 nanci-

363 2457 506 2514 scuntur
524 2471 566 2513 ex
590 2447 838 2535 compositione
855 2455 889 2513 et
905 2448 1042 2513 diversa
1062 2447 1280 2536 appositione
1297 2469 1357 2513 sen
1374 2447 1506 2532 ordine,

362 2573 453 2639 uncle
473 2572 618 2639 subinde
638 2573 724 2638 fiant
747 2596 890 2660 corpora
910 2573 1089 2657 cleffinitae
1108 2580 1254 2639 naturae
1274 2579 1309 2638 et
1339 2572 1508 2655 nominis,
1534 2575 1679 2639 58⁹3

363 2705 402 2764 ut
421 2698 526 2784 ignis,
547 2721 646 2784 aqua.
667 2697 891 2785 Empedocles
911 2720 990 2763 vero
1011 2698 1149 2763 volebat
1179 2697 1407 2763 indivisibilia
1433 2699 1508 2783 qui·

363 2824 439 2889 dem
463 2848 536 2889 esse
558 2827 671 2912 prima
692 2846 848 2911 corpora,
869 2824 927 2889 sed
951 2846 990 2888 ea
1014 2823 1056 2889 ad
1081 2830 1246 2910 cpiiattuor
1276 2823 1406 2909 species
1434 2846 1509 2910 per-

295 2950 340 3011 20
363 2950 484 3031 tinere,
498 2973 621 3036 nempe
635 2955 756 3013 vocata
771 2950 949 3031 elementa,
963 2948 1095 3013 ethaeo
1111 2949 1226 3035 prima
1238 2971 1310 3013 esse
1323 2947 1506 3034 principia.

362 3075 487 3160 quibus
504 3075 637 3139 nullum
655 3075 765 3140 subsit
784 3074 995 3161 priru:ipiurn
1011 3083 1045 3138 et
1062 3074 1269 3138 elementum
1289 3074 1506 3159 ingenerabi-

360 3199 445 3264 lium
465 3206 499 3264 et
518 3199 805 3285 corruptibilium.
829 3200 954 3264 Verum
979 3222 1020 3263 cx
1041 3199 1201 3264 omnibus
1227 3198 1303 3263 istis
1328 3198 1508 3284 prositioni-

360 3324 424 3390 bus
440 3325 619 3409 generatio
635 3332 669 3388 et
686 3325 860 3410 corruptio
881 3324 975 3389 nulla
992 3330 1052 3409 est,
1073 3324 1231 3410 ‹liramvis
1251 3323 1324 3410 ipse
1343 3324 1508 3410 Empedo-

361 3452 428 3515 cles
448 3473 555 3534 usque
575 3451 619 3515 ad
638 3451 759 3515 horum
779 3451 1026 3516 elementorum
1042 3452 1245 3538 hypostases
1260 3450 1506 3516 resolutionem

294 3584 337 3646 25
361 3575 617 3660 corruptionem
637 3575 847 3640 intellexerit
866 3600 937 3641 esse
958 3592 992 3642 et
1008 3576 1051 3641 ab
1071 3577 1124 3643 liis
1140 3576 1406 3662 corruptionem.
1423 3576 1507 3639 Cere-

361 3710 473 3767 terum
494 3726 569 3768 curn
591 3702 685 3767 nulla
705 3703 750 3767 sit
775 3704 1035 3781 transmutatio,
1066 3704 1124 3769 scd
1148 3712 1284 3770 tantum
1315 3703 1504 3770 divortium

361 3840 395 3896 et
415 3831 627 3898 consortium
647 3832 790 3896 istorum
810 3832 1074 3918 principiorum,
1096 3833 1251 3919 sequitur
1272 3833 1436 3899 nirnirurn
1456 3858 1506 3899 sc·

362 3957 511 4023 cundum
531 3957 618 4021 hune
639 3956 837 4043 opunioncm
857 3957 942 4023 illud
966 3957 1073 4041 idom,
1094 3959 1184 4045 quod
1205 3967 1338 4025 unsuu
1370 3982 1411 4024 ex
1431 3982 1505 4024 scn-

452 4225 467 4273 9
477 4225 556 4288 forse
573 4226 741 4289 apparentia
758 4227 967 4276 consuetudine
986 4232 1049 4288 (riou
1063 4228 1163 4279 celiano
1177 4230 1211 4277 «lo
1225 4230 1392 4291 arrotudnuu
1407 4234 1441 4295 cs.
1455 4231 1503 4282 .lr.

356 4322 386 4368 p.
401 4306 466 4352 3250
484 4307 527 4365 21)
545 4304 621 4367 cpite
638 4302 685 4367 pit
700 4305 839 4365 distingui
855 4307 1071 4370 (patritiorum
1136 4310 1275 4359 loratino.
1303 4310 1326 4359 1¹:
1390 4312 1438 4360 aeid
1468 4311 1502 4361 ll:

359 4392 389 4435 et
414 4386 436 4435 U
508 4387 538 4434 12
561 4387 745 4450 Leucyppum
774 4386 795 4435 t'
865 4389 895 4436 lu
915 4387 992 4450 ignia
1012 4396 1041 4437 ot
1064 4392 1086 4437 {l
1160 4394 1188 4440 lu
1206 4410 1237 4439 tut
1260 4390 1370 4440 Stiriate:
1393 4408 1453 4441 oum
1482 4390 1507 4441 l:

359 4468 440 4516 ‘2122
456 4465 493 4515 sic
511 4466 548 4514 E:
560 4466 639 4529 forse
656 4468 843 4529 elementum,
861 4468 1143 4530 [ingenerabiliumr

493 4559 570 4599 Bassi
587 4561 640 4607 (ηιμ.
656 4560 695 4598 lot.
712 4560 753 4598 111.
1318 4566 1343 4607 tt
