<?xml version="1.0" encoding="UTF-8"?>
<!DOCTYPE html PUBLIC "-//W3C//DTD XHTML 1.0 Transitional//EN"
    "http://www.w3.org/TR/xhtml1/DTD/xhtml1-transitional.dtd">
<html xmlns="http://www.w3.org/1999/xhtml" xml:lang="en" lang="en">
 <head>
  <title>
</title>
<meta http-equiv="Content-Type" content="text/html;charset=utf-8" />
  <meta name='ocr-system' content='tesseract 3.04.00' />
  <meta name='ocr-capabilities' content='ocr_page ocr_carea ocr_par ocr_line ocrx_word'/>
</head>
<body>
  <div class='ocr_page' id='page_1' title='image "./jordanibruninol05brungoog_0417.png"; bbox 0 0 3488 5108; ppageno 0'>
   <div class='ocr_carea' id='block_1_1' title="bbox 294 382 995 442">
    <p class='ocr_par' dir='ltr' id='par_1_1' title="bbox 294 382 995 442">
     <span class='ocr_line' id='line_1_1' title="bbox 294 382 995 442; baseline 0 -2"><span class='ocrx_word' id='word_1_1' title='bbox 294 382 355 441; x_wconf 82' lang='lat'>350</span> <span class='ocrx_word' id='word_1_2' title='bbox 734 395 873 442; x_wconf 74' lang='lat' dir='ltr'>mansur</span> <span class='ocrx_word' id='word_1_3' title='bbox 894 395 995 442; x_wconf 82' lang='lat' dir='ltr'>nnvnr</span> 
     </span>
    </p>
   </div>
   <div class='ocr_carea' id='block_1_2' title="bbox 250 550 1439 1516">
    <p class='ocr_par' dir='ltr' id='par_1_2' title="bbox 250 550 1439 1516">
     <span class='ocr_line' id='line_1_2' title="bbox 294 550 1435 639; baseline 0.001 -24"><span class='ocrx_word' id='word_1_4' title='bbox 294 550 378 615; x_wconf 87' lang='lat' dir='ltr'>ferri</span> <span class='ocrx_word' id='word_1_5' title='bbox 395 557 598 618; x_wconf 77' lang='lat' dir='ltr'>remaneant</span> <span class='ocrx_word' id='word_1_6' title='bbox 616 551 654 616; x_wconf 90' lang='lat' dir='ltr'>in</span> <span class='ocrx_word' id='word_1_7' title='bbox 673 557 833 637; x_wconf 76' lang='lat' dir='ltr'>magnete</span> <span class='ocrx_word' id='word_1_8' title='bbox 852 557 887 617; x_wconf 92' lang='lat' dir='ltr'>et</span> <span class='ocrx_word' id='word_1_9' title='bbox 904 557 1020 639; x_wconf 90' lang='lat' dir='ltr'>partes</span> <span class='ocrx_word' id='word_1_10' title='bbox 1039 550 1211 638; x_wconf 82' lang='lat' dir='ltr'>magnetis</span> <span class='ocrx_word' id='word_1_11' title='bbox 1230 558 1435 618; x_wconf 79' lang='lat' dir='ltr'>remaneant</span> 
     </span>
     <span class='ocr_line' id='line_1_3' title="bbox 293 675 1437 766; baseline 0.003 -26"><span class='ocrx_word' id='word_1_12' title='bbox 293 677 332 742; x_wconf 89' lang='lat' dir='ltr'>in</span> <span class='ocrx_word' id='word_1_13' title='bbox 354 675 458 759; x_wconf 87' lang='lat' dir='ltr'>ferro,</span> <span class='ocrx_word' id='word_1_14' title='bbox 478 684 517 742; x_wconf 94' lang='lat' dir='ltr'>ut</span> <span class='ocrx_word' id='word_1_15' title='bbox 535 682 633 764; x_wconf 92' lang='lat' dir='ltr'>patet</span> <span class='ocrx_word' id='word_1_16' title='bbox 656 679 693 742; x_wconf 88' lang='lat' dir='ltr'>in</span> <span class='ocrx_word' id='word_1_17' title='bbox 716 677 807 743; x_wconf 86' lang='lat' dir='ltr'>ensis</span> <span class='ocrx_word' id='word_1_18' title='bbox 827 679 899 743; x_wconf 88' lang='lat' dir='ltr'>acie</span> <span class='ocrx_word' id='word_1_19' title='bbox 923 678 976 745; x_wconf 89' lang='lat' dir='ltr'>vel</span> <span class='ocrx_word' id='word_1_20' title='bbox 1009 677 1149 765; x_wconf 80' lang='lat' dir='ltr'>cuspide</span> <span class='ocrx_word' id='word_1_21' title='bbox 1182 700 1284 764; x_wconf 89' lang='lat' dir='ltr'>quem</span> <span class='ocrx_word' id='word_1_22' title='bbox 1313 677 1437 766; x_wconf 87' lang='lat' dir='ltr'>perfri-</span> 
     </span>
     <span class='ocr_line' id='line_1_4' title="bbox 295 801 1438 890; baseline 0.002 -24"><span class='ocrx_word' id='word_1_23' title='bbox 295 801 405 867; x_wconf 89' lang='lat' dir='ltr'>cuerit</span> <span class='ocrx_word' id='word_1_24' title='bbox 430 822 586 888; x_wconf 71' lang='lat' dir='ltr'>magum,</span> <span class='ocrx_word' id='word_1_25' title='bbox 613 803 674 887; x_wconf 92' lang='lat' dir='ltr'>qui</span> <span class='ocrx_word' id='word_1_26' title='bbox 693 801 803 869; x_wconf 90' lang='lat' dir='ltr'>nihilo</span> <span class='ocrx_word' id='word_1_27' title='bbox 822 803 936 870; x_wconf 89' lang='lat' dir='ltr'>minus</span> <span class='ocrx_word' id='word_1_28' title='bbox 955 802 1064 869; x_wconf 88' lang='lat' dir='ltr'>trahit</span> <span class='ocrx_word' id='word_1_29' title='bbox 1092 803 1222 870; x_wconf 86' lang='lat' dir='ltr'>ferrum</span> <span class='ocrx_word' id='word_1_30' title='bbox 1242 825 1346 888; x_wconf 88' lang='lat' dir='ltr'>quam</span> <span class='ocrx_word' id='word_1_31' title='bbox 1364 802 1438 890; x_wconf 89' lang='lat' dir='ltr'>ipse</span> 
     </span>
     <span class='ocr_line' id='line_1_5' title="bbox 294 927 1435 1017; baseline 0.003 -26"><span class='ocrx_word' id='word_1_32' title='bbox 294 949 450 1012; x_wconf 85' lang='lat' dir='ltr'>magnes,</span> <span class='ocrx_word' id='word_1_33' title='bbox 479 927 570 993; x_wconf 92' lang='lat' dir='ltr'>unde</span> <span class='ocrx_word' id='word_1_34' title='bbox 598 934 633 993; x_wconf 88' lang='lat' dir='ltr'>et</span> <span class='ocrx_word' id='word_1_35' title='bbox 661 927 750 995; x_wconf 91' lang='lat' dir='ltr'>ictus</span> <span class='ocrx_word' id='word_1_36' title='bbox 780 952 858 995; x_wconf 90' lang='lat' dir='ltr'>cum</span> <span class='ocrx_word' id='word_1_37' title='bbox 887 929 1056 1017; x_wconf 87' lang='lat' dir='ltr'>sanguine</span> <span class='ocrx_word' id='word_1_38' title='bbox 1086 937 1138 997; x_wconf 91' lang='lat' dir='ltr'>est</span> <span class='ocrx_word' id='word_1_39' title='bbox 1165 929 1280 996; x_wconf 87' lang='lat' dir='ltr'>letalis</span> <span class='ocrx_word' id='word_1_40' title='bbox 1302 953 1364 1017; x_wconf 91' lang='lat' dir='ltr'>per</span> <span class='ocrx_word' id='word_1_41' title='bbox 1389 952 1435 995; x_wconf 87' lang='lat' dir='ltr'>se.</span> 
     </span>
     <span class='ocr_line' id='line_1_6' title="bbox 250 1051 1438 1141; baseline 0.001 -21"><span class='ocrx_word' id='word_1_42' title='bbox 250 1058 270 1120; x_wconf 79' lang='grc' dir='ltr'><strong>ὃ</strong></span> <span class='ocrx_word' id='word_1_43' title='bbox 294 1051 471 1129; x_wconf 80' lang='lat' dir='ltr'>Quaedam</span> <span class='ocrx_word' id='word_1_44' title='bbox 489 1075 570 1119; x_wconf 90' lang='lat' dir='ltr'>vero</span> <span class='ocrx_word' id='word_1_45' title='bbox 590 1053 640 1119; x_wconf 91' lang='lat' dir='ltr'>ita</span> <span class='ocrx_word' id='word_1_46' title='bbox 659 1076 694 1119; x_wconf 91' lang='lat' dir='ltr'>se</span> <span class='ocrx_word' id='word_1_47' title='bbox 712 1054 856 1137; x_wconf 90' lang='lat' dir='ltr'>habent,</span> <span class='ocrx_word' id='word_1_48' title='bbox 877 1063 917 1120; x_wconf 93' lang='lat' dir='ltr'>ut</span> <span class='ocrx_word' id='word_1_49' title='bbox 935 1056 1082 1123; x_wconf 89' lang='lat' dir='ltr'>alterum</span> <span class='ocrx_word' id='word_1_50' title='bbox 1110 1054 1154 1121; x_wconf 87' lang='lat' dir='ltr'>ab</span> <span class='ocrx_word' id='word_1_51' title='bbox 1183 1055 1291 1122; x_wconf 89' lang='lat' dir='ltr'>altero</span> <span class='ocrx_word' id='word_1_52' title='bbox 1322 1054 1438 1141; x_wconf 87' lang='lat' dir='ltr'>fugiat</span> 
     </span>
     <span class='ocr_line' id='line_1_7' title="bbox 294 1177 1439 1265; baseline 0.002 -24"><span class='ocrx_word' id='word_1_53' title='bbox 294 1183 329 1241; x_wconf 92' lang='lat' dir='ltr'>et</span> <span class='ocrx_word' id='word_1_54' title='bbox 348 1177 495 1243; x_wconf 89' lang='lat' dir='ltr'>alterum</span> <span class='ocrx_word' id='word_1_55' title='bbox 516 1178 662 1245; x_wconf 89' lang='lat' dir='ltr'>alterum</span> <span class='ocrx_word' id='word_1_56' title='bbox 679 1186 919 1265; x_wconf 87' lang='lat' dir='ltr'>persequatur,</span> <span class='ocrx_word' id='word_1_57' title='bbox 949 1187 988 1245; x_wconf 89' lang='lat' dir='ltr'>ut</span> <span class='ocrx_word' id='word_1_58' title='bbox 1015 1203 1050 1246; x_wconf 87' lang='lat' dir='ltr'>se</span> <span class='ocrx_word' id='word_1_59' title='bbox 1080 1179 1185 1246; x_wconf 90' lang='lat' dir='ltr'>habet</span> <span class='ocrx_word' id='word_1_60' title='bbox 1213 1179 1394 1245; x_wconf 89' lang='lat' dir='ltr'>humidum</span> <span class='ocrx_word' id='word_1_61' title='bbox 1418 1200 1439 1243; x_wconf 89' lang='lat' dir='ltr'>a</span> 
     </span>
     <span class='ocr_line' id='line_1_8' title="bbox 294 1302 1439 1393; baseline 0.001 -25"><span class='ocrx_word' id='word_1_62' title='bbox 294 1303 398 1386; x_wconf 90' lang='lat' dir='ltr'>sicco,</span> <span class='ocrx_word' id='word_1_63' title='bbox 419 1302 587 1391; x_wconf 86' lang='lat' dir='ltr'>frigidum</span> <span class='ocrx_word' id='word_1_64' title='bbox 606 1327 626 1369; x_wconf 88' lang='lat' dir='ltr'>a</span> <span class='ocrx_word' id='word_1_65' title='bbox 645 1303 770 1387; x_wconf 88' lang='lat' dir='ltr'>calido,</span> <span class='ocrx_word' id='word_1_66' title='bbox 790 1303 965 1370; x_wconf 88' lang='lat' dir='ltr'>interdum</span> <span class='ocrx_word' id='word_1_67' title='bbox 983 1304 1114 1393; x_wconf 84' lang='lat' dir='ltr'>frigido</span> <span class='ocrx_word' id='word_1_68' title='bbox 1133 1307 1360 1393; x_wconf 86' lang='lat' dir='ltr'>persequente</span> <span class='ocrx_word' id='word_1_69' title='bbox 1379 1326 1439 1370; x_wconf 89' lang='lat' dir='ltr'>seu</span> 
     </span>
     <span class='ocr_line' id='line_1_9' title="bbox 294 1427 1439 1516; baseline -0.001 -22"><span class='ocrx_word' id='word_1_70' title='bbox 294 1435 479 1516; x_wconf 88' lang='lat' dir='ltr'>appetente</span> <span class='ocrx_word' id='word_1_71' title='bbox 497 1428 648 1494; x_wconf 87' lang='lat' dir='ltr'>calidum</span> <span class='ocrx_word' id='word_1_72' title='bbox 667 1429 722 1494; x_wconf 89' lang='lat' dir='ltr'>vel</span> <span class='ocrx_word' id='word_1_73' title='bbox 742 1451 760 1494; x_wconf 93' lang='lat' dir='ltr'>e</span> <span class='ocrx_word' id='word_1_74' title='bbox 780 1451 957 1513; x_wconf 88' lang='lat' dir='ltr'>converso,</span> <span class='ocrx_word' id='word_1_75' title='bbox 975 1430 1065 1497; x_wconf 91' lang='lat' dir='ltr'>sicut</span> <span class='ocrx_word' id='word_1_76' title='bbox 1081 1431 1118 1496; x_wconf 91' lang='lat' dir='ltr'>in</span> <span class='ocrx_word' id='word_1_77' title='bbox 1134 1429 1344 1497; x_wconf 84' lang='lat' dir='ltr'>animalibus</span> <span class='ocrx_word' id='word_1_78' title='bbox 1360 1427 1439 1494; x_wconf 86' lang='lat' dir='ltr'>felis</span> 
     </span>
    </p>
   </div>
   <div class='ocr_carea' id='block_1_3' title="bbox 295 1548 1438 1642">
    <p class='ocr_par' dir='ltr' id='par_1_3' title="bbox 295 1548 1438 1642">
     <span class='ocr_line' id='line_1_10' title="bbox 295 1548 1438 1642; baseline -0.002 -22"><span class='ocrx_word' id='word_1_79' title='bbox 295 1554 515 1642; x_wconf 84' lang='lat' dir='ltr'>persequitur</span> <span class='ocrx_word' id='word_1_80' title='bbox 534 1576 666 1620; x_wconf 91' lang='lat' dir='ltr'>murem</span> <span class='ocrx_word' id='word_1_81' title='bbox 684 1576 755 1620; x_wconf 91' lang='lat' dir='ltr'>non</span> <span class='ocrx_word' id='word_1_82' title='bbox 775 1562 868 1620; x_wconf 89' lang='lat' dir='ltr'>certo</span> <span class='ocrx_word' id='word_1_83' title='bbox 885 1555 976 1639; x_wconf 90' lang='lat' dir='ltr'>odio,</span> <span class='ocrx_word' id='word_1_84' title='bbox 994 1555 1053 1621; x_wconf 91' lang='lat' dir='ltr'>sed</span> <span class='ocrx_word' id='word_1_85' title='bbox 1073 1562 1166 1622; x_wconf 90' lang='lat' dir='ltr'>certa</span> <span class='ocrx_word' id='word_1_86' title='bbox 1182 1548 1309 1620; x_wconf 83' lang='lat' dir='ltr'>amoiis</span> <span class='ocrx_word' id='word_1_87' title='bbox 1325 1553 1438 1641; x_wconf 89' lang='lat' dir='ltr'>specie</span> 
     </span>
    </p>
   </div>
   <div class='ocr_carea' id='block_1_4' title="bbox 231 1678 1617 3778">
    <p class='ocr_par' dir='ltr' id='par_1_4' title="bbox 231 1678 1617 2271">
     <span class='ocr_line' id='line_1_11' title="bbox 231 1678 1439 1768; baseline -0.002 -23"><span class='ocrx_word' id='word_1_88' title='bbox 231 1690 273 1751; x_wconf 77' lang='lat'>10</span> <span class='ocrx_word' id='word_1_89' title='bbox 295 1683 402 1764; x_wconf 88' lang='lat' dir='ltr'>(amat</span> <span class='ocrx_word' id='word_1_90' title='bbox 417 1678 559 1764; x_wconf 90' lang='lat' dir='ltr'>cibum),</span> <span class='ocrx_word' id='word_1_91' title='bbox 574 1701 650 1745; x_wconf 89' lang='lat' dir='ltr'>mus</span> <span class='ocrx_word' id='word_1_92' title='bbox 669 1700 749 1744; x_wconf 82' lang='lat' dir='ltr'>vero</span> <span class='ocrx_word' id='word_1_93' title='bbox 768 1679 965 1746; x_wconf 89' lang='lat' dir='ltr'>omnimodo</span> <span class='ocrx_word' id='word_1_94' title='bbox 982 1680 1060 1747; x_wconf 90' lang='lat' dir='ltr'>odio</span> <span class='ocrx_word' id='word_1_95' title='bbox 1076 1679 1297 1768; x_wconf 87' lang='lat' dir='ltr'>persequitur</span> <span class='ocrx_word' id='word_1_96' title='bbox 1320 1678 1439 1762; x_wconf 88' lang='lat' dir='ltr'>felem;</span> 
     </span>
     <span class='ocr_line' id='line_1_12' title="bbox 294 1803 1440 1895; baseline -0.004 -21"><span class='ocrx_word' id='word_1_97' title='bbox 294 1808 331 1874; x_wconf 91' lang='lat' dir='ltr'>in</span> <span class='ocrx_word' id='word_1_98' title='bbox 348 1806 554 1892; x_wconf 89' lang='lat' dir='ltr'>quibusdam</span> <span class='ocrx_word' id='word_1_99' title='bbox 566 1828 646 1872; x_wconf 90' lang='lat' dir='ltr'>vero</span> <span class='ocrx_word' id='word_1_100' title='bbox 662 1812 828 1893; x_wconf 88' lang='lat' dir='ltr'>appetens</span> <span class='ocrx_word' id='word_1_101' title='bbox 847 1807 1042 1895; x_wconf 90' lang='lat' dir='ltr'>appetitum</span> <span class='ocrx_word' id='word_1_102' title='bbox 1053 1829 1124 1873; x_wconf 92' lang='lat' dir='ltr'>non</span> <span class='ocrx_word' id='word_1_103' title='bbox 1135 1806 1367 1894; x_wconf 84' lang='lat' dir='ltr'>persequitur,</span> <span class='ocrx_word' id='word_1_104' title='bbox 1380 1803 1440 1872; x_wconf 90' lang='lat' dir='ltr'>sed</span> 
     </span>
     <span class='ocr_line' id='line_1_13' title="bbox 294 1930 1441 2014; baseline -0.003 -16"><span class='ocrx_word' id='word_1_105' title='bbox 294 1932 444 1998; x_wconf 90' lang='lat' dir='ltr'>invitum</span> <span class='ocrx_word' id='word_1_106' title='bbox 464 1931 624 2014; x_wconf 87' lang='lat' dir='ltr'>attrahit,</span> <span class='ocrx_word' id='word_1_107' title='bbox 650 1939 690 1997; x_wconf 91' lang='lat' dir='ltr'>ut</span> <span class='ocrx_word' id='word_1_108' title='bbox 712 1955 773 1998; x_wconf 88' lang='lat' dir='ltr'>vas</span> <span class='ocrx_word' id='word_1_109' title='bbox 798 1955 987 1998; x_wconf 89' lang='lat' dir='ltr'>concavum</span> <span class='ocrx_word' id='word_1_110' title='bbox 1007 1938 1041 1998; x_wconf 91' lang='lat' dir='ltr'>et</span> <span class='ocrx_word' id='word_1_111' title='bbox 1060 1932 1212 1998; x_wconf 87' lang='lat' dir='ltr'>candens</span> <span class='ocrx_word' id='word_1_112' title='bbox 1231 1939 1267 1997; x_wconf 93' lang='lat' dir='ltr'>et</span> <span class='ocrx_word' id='word_1_113' title='bbox 1290 1930 1441 1997; x_wconf 84' lang='lat' dir='ltr'>maxime</span> 
     </span>
     <span class='ocr_line' id='line_1_14' title="bbox 296 2055 1440 2144; baseline -0.003 -21"><span class='ocrx_word' id='word_1_114' title='bbox 296 2079 440 2123; x_wconf 89' lang='lat' dir='ltr'>aeneum</span> <span class='ocrx_word' id='word_1_115' title='bbox 467 2055 522 2121; x_wconf 89' lang='lat' dir='ltr'>vel</span> <span class='ocrx_word' id='word_1_116' title='bbox 553 2055 751 2122; x_wconf 90' lang='lat' dir='ltr'>huiusmodi</span> <span class='ocrx_word' id='word_1_117' title='bbox 780 2058 925 2123; x_wconf 89' lang='lat' dir='ltr'>materia</span> <span class='ocrx_word' id='word_1_118' title='bbox 957 2081 975 2122; x_wconf 90' lang='lat' dir='ltr'>e</span> <span class='ocrx_word' id='word_1_119' title='bbox 1006 2056 1146 2125; x_wconf 87' lang='lat' dir='ltr'>sublimi</span> <span class='ocrx_word' id='word_1_120' title='bbox 1179 2079 1306 2142; x_wconf 91' lang='lat' dir='ltr'>aquam</span> <span class='ocrx_word' id='word_1_121' title='bbox 1335 2057 1440 2144; x_wconf 90' lang='lat' dir='ltr'>rapit.</span> 
     </span>
     <span class='ocr_line' id='line_1_15' title="bbox 295 2183 1617 2271; baseline 0.001 -23"><span class='ocrx_word' id='word_1_122' title='bbox 295 2183 384 2249; x_wconf 84' lang='lat' dir='ltr'>Item</span> <span class='ocrx_word' id='word_1_123' title='bbox 411 2184 503 2249; x_wconf 90' lang='lat' dir='ltr'>inter</span> <span class='ocrx_word' id='word_1_124' title='bbox 526 2183 690 2249; x_wconf 88' lang='lat' dir='ltr'>animalia</span> <span class='ocrx_word' id='word_1_125' title='bbox 714 2183 835 2250; x_wconf 87' lang='lat' dir='ltr'>iisdem</span> <span class='ocrx_word' id='word_1_126' title='bbox 863 2188 868 2270; x_wconf 81' lang='grc' dir='ltr'>Ι</span> <span class='ocrx_word' id='word_1_127' title='bbox 894 2184 1052 2271; x_wconf 86' lang='lat' dir='ltr'>vestigiis</span> <span class='ocrx_word' id='word_1_128' title='bbox 1076 2185 1239 2251; x_wconf 84' lang='lat' dir='ltr'>insistens</span> <span class='ocrx_word' id='word_1_129' title='bbox 1270 2184 1354 2250; x_wconf 87' lang='lat' dir='ltr'>bufo</span> <span class='ocrx_word' id='word_1_130' title='bbox 1382 2205 1440 2249; x_wconf 91' lang='lat' dir='ltr'>ore</span> <span class='ocrx_word' id='word_1_131' title='bbox 1466 2186 1617 2252; x_wconf 65' lang='lat'>56⁹3</span> 
     </span>
    </p>

    <p class='ocr_par' dir='ltr' id='par_1_5' title="bbox 232 2308 1444 2895">
     <span class='ocr_line' id='line_1_16' title="bbox 232 2308 1442 2396; baseline -0.001 -22"><span class='ocrx_word' id='word_1_132' title='bbox 232 2322 271 2385; x_wconf 73' lang='lat'>15</span> <span class='ocrx_word' id='word_1_133' title='bbox 295 2308 459 2396; x_wconf 89' lang='lat' dir='ltr'>adaperto</span> <span class='ocrx_word' id='word_1_134' title='bbox 488 2309 670 2374; x_wconf 89' lang='lat' dir='ltr'>mustelam</span> <span class='ocrx_word' id='word_1_135' title='bbox 693 2308 827 2375; x_wconf 89' lang='lat' dir='ltr'>eminus</span> <span class='ocrx_word' id='word_1_136' title='bbox 849 2309 960 2376; x_wconf 83' lang='lat' dir='ltr'>visam</span> <span class='ocrx_word' id='word_1_137' title='bbox 984 2309 1242 2396; x_wconf 87' lang='lat' dir='ltr'>quantumlibet</span> <span class='ocrx_word' id='word_1_138' title='bbox 1270 2310 1442 2375; x_wconf 90' lang='lat' dir='ltr'>reluctan-</span> 
     </span>
     <span class='ocr_line' id='line_1_17' title="bbox 296 2434 1442 2527; baseline 0 -28"><span class='ocrx_word' id='word_1_139' title='bbox 296 2441 366 2501; x_wconf 85' lang='lat' dir='ltr'>tem</span> <span class='ocrx_word' id='word_1_140' title='bbox 385 2456 488 2519; x_wconf 90' lang='lat' dir='ltr'>soque</span> <span class='ocrx_word' id='word_1_141' title='bbox 507 2434 609 2499; x_wconf 85' lang='lat' dir='ltr'>anxie</span> <span class='ocrx_word' id='word_1_142' title='bbox 626 2434 895 2527; x_wconf 84' lang='lat' dir='ltr'>excruciantem,</span> <span class='ocrx_word' id='word_1_143' title='bbox 914 2444 955 2501; x_wconf 91' lang='lat' dir='ltr'>ut</span> <span class='ocrx_word' id='word_1_144' title='bbox 977 2435 1015 2502; x_wconf 92' lang='lat' dir='ltr'>in</span> <span class='ocrx_word' id='word_1_145' title='bbox 1039 2435 1132 2501; x_wconf 89' lang='lat' dir='ltr'>illius</span> <span class='ocrx_word' id='word_1_146' title='bbox 1158 2436 1319 2522; x_wconf 88' lang='lat' dir='ltr'>patulum</span> <span class='ocrx_word' id='word_1_147' title='bbox 1338 2456 1374 2499; x_wconf 91' lang='lat' dir='ltr'>os</span> <span class='ocrx_word' id='word_1_148' title='bbox 1407 2456 1442 2499; x_wconf 90' lang='lat' dir='ltr'>se</span> 
     </span>
     <span class='ocr_line' id='line_1_18' title="bbox 296 2558 1443 2647; baseline -0.001 -24"><span class='ocrx_word' id='word_1_149' title='bbox 296 2559 475 2642; x_wconf 87' lang='lat' dir='ltr'>immittat,</span> <span class='ocrx_word' id='word_1_150' title='bbox 507 2558 659 2624; x_wconf 88' lang='lat' dir='ltr'>naturali</span> <span class='ocrx_word' id='word_1_151' title='bbox 692 2558 841 2643; x_wconf 89' lang='lat' dir='ltr'>quadarn</span> <span class='ocrx_word' id='word_1_152' title='bbox 875 2562 1080 2627; x_wconf 83' lang='lat' dir='ltr'>necessitate</span> <span class='ocrx_word' id='word_1_153' title='bbox 1111 2559 1298 2647; x_wconf 79' lang='lat' dir='ltr'>compellit.</span> <span class='ocrx_word' id='word_1_154' title='bbox 1331 2558 1443 2636; x_wconf 81' lang='lat' dir='ltr'>Quae·</span> 
     </span>
     <span class='ocr_line' id='line_1_19' title="bbox 297 2682 1444 2771; baseline -0.001 -23"><span class='ocrx_word' id='word_1_155' title='bbox 297 2683 376 2749; x_wconf 90' lang='lat' dir='ltr'>dam</span> <span class='ocrx_word' id='word_1_156' title='bbox 393 2707 473 2751; x_wconf 85' lang='lat' dir='ltr'>vero</span> <span class='ocrx_word' id='word_1_157' title='bbox 492 2690 566 2749; x_wconf 88' lang='lat' dir='ltr'>tum</span> <span class='ocrx_word' id='word_1_158' title='bbox 586 2682 773 2751; x_wconf 90' lang='lat' dir='ltr'>secundum</span> <span class='ocrx_word' id='word_1_159' title='bbox 792 2686 988 2771; x_wconf 83' lang='lat' dir='ltr'>materiam,</span> <span class='ocrx_word' id='word_1_160' title='bbox 1005 2693 1080 2751; x_wconf 91' lang='lat' dir='ltr'>tum</span> <span class='ocrx_word' id='word_1_161' title='bbox 1094 2685 1281 2753; x_wconf 90' lang='lat' dir='ltr'>secundum</span> <span class='ocrx_word' id='word_1_162' title='bbox 1297 2683 1444 2750; x_wconf 86' lang='lat' dir='ltr'>formam</span> 
     </span>
     <span class='ocr_line' id='line_1_20' title="bbox 298 2808 1444 2895; baseline -0.002 -20"><span class='ocrx_word' id='word_1_163' title='bbox 298 2809 461 2875; x_wconf 89' lang='lat' dir='ltr'>videntur</span> <span class='ocrx_word' id='word_1_164' title='bbox 479 2831 550 2874; x_wconf 90' lang='lat' dir='ltr'>esse</span> <span class='ocrx_word' id='word_1_165' title='bbox 578 2808 691 2875; x_wconf 87' lang='lat' dir='ltr'>aliena</span> <span class='ocrx_word' id='word_1_166' title='bbox 714 2832 822 2895; x_wconf 86' lang='lat' dir='ltr'>usque</span> <span class='ocrx_word' id='word_1_167' title='bbox 846 2810 946 2895; x_wconf 90' lang='lat' dir='ltr'>adeo,</span> <span class='ocrx_word' id='word_1_168' title='bbox 971 2818 1012 2876; x_wconf 90' lang='lat' dir='ltr'>ut</span> <span class='ocrx_word' id='word_1_169' title='bbox 1037 2812 1142 2877; x_wconf 91' lang='lat' dir='ltr'>etiam</span> <span class='ocrx_word' id='word_1_170' title='bbox 1168 2811 1239 2877; x_wconf 88' lang='lat' dir='ltr'>sint</span> <span class='ocrx_word' id='word_1_171' title='bbox 1269 2809 1444 2875; x_wconf 88' lang='lat' dir='ltr'>contraria</span> 
     </span>
    </p>

    <p class='ocr_par' dir='ltr' id='par_1_6' title="bbox 231 2933 1444 3527">
     <span class='ocr_line' id='line_1_21' title="bbox 231 2933 1443 3023; baseline 0 -25"><span class='ocrx_word' id='word_1_172' title='bbox 231 2947 275 3010; x_wconf 71' lang='lat'>&#39;20</span> <span class='ocrx_word' id='word_1_173' title='bbox 297 2939 380 3017; x_wconf 90' lang='lat' dir='ltr'>(non</span> <span class='ocrx_word' id='word_1_174' title='bbox 399 2935 521 3017; x_wconf 87' lang='lat' dir='ltr'>loquor</span> <span class='ocrx_word' id='word_1_175' title='bbox 539 2933 580 2998; x_wconf 91' lang='lat' dir='ltr'>de</span> <span class='ocrx_word' id='word_1_176' title='bbox 599 2936 744 3000; x_wconf 88' lang='lat' dir='ltr'>materia</span> <span class='ocrx_word' id='word_1_177' title='bbox 763 2958 856 3001; x_wconf 91' lang='lat' dir='ltr'>more</span> <span class='ocrx_word' id='word_1_178' title='bbox 875 2935 1200 3023; x_wconf 86' lang='lat' dir='ltr'>Peripateticorum,</span> <span class='ocrx_word' id='word_1_179' title='bbox 1222 2958 1309 3021; x_wconf 88' lang='lat' dir='ltr'>quae</span> <span class='ocrx_word' id='word_1_180' title='bbox 1334 2933 1443 2999; x_wconf 90' lang='lat' dir='ltr'>insui</span> 
     </span>
     <span class='ocr_line' id='line_1_22' title="bbox 298 3058 1442 3147; baseline 0 -25"><span class='ocrx_word' id='word_1_181' title='bbox 298 3059 432 3123; x_wconf 89' lang='lat' dir='ltr'>ratione</span> <span class='ocrx_word' id='word_1_182' title='bbox 452 3060 733 3125; x_wconf 85' lang='lat' dir='ltr'>contrarietatem</span> <span class='ocrx_word' id='word_1_183' title='bbox 762 3084 832 3127; x_wconf 89' lang='lat' dir='ltr'>non</span> <span class='ocrx_word' id='word_1_184' title='bbox 861 3061 1017 3127; x_wconf 85' lang='lat' dir='ltr'>admittit</span> <span class='ocrx_word' id='word_1_185' title='bbox 1036 3070 1070 3126; x_wconf 91' lang='lat' dir='ltr'>et</span> <span class='ocrx_word' id='word_1_186' title='bbox 1089 3068 1141 3126; x_wconf 87' lang='lat' dir='ltr'>est</span> <span class='ocrx_word' id='word_1_187' title='bbox 1160 3060 1361 3147; x_wconf 84' lang='lat' dir='ltr'>singularis,</span> <span class='ocrx_word' id='word_1_188' title='bbox 1382 3058 1442 3123; x_wconf 87' lang='lat' dir='ltr'>sed</span> 
     </span>
     <span class='ocr_line' id='line_1_23' title="bbox 299 3186 1443 3274; baseline 0 -24"><span class='ocrx_word' id='word_1_189' title='bbox 299 3207 393 3251; x_wconf 91' lang='lat' dir='ltr'>more</span> <span class='ocrx_word' id='word_1_190' title='bbox 418 3187 528 3273; x_wconf 81' lang='lat' dir='ltr'>magis</span> <span class='ocrx_word' id='word_1_191' title='bbox 553 3187 761 3253; x_wconf 89' lang='lat' dir='ltr'>naturaliter</span> <span class='ocrx_word' id='word_1_192' title='bbox 788 3189 1035 3274; x_wconf 72' lang='lat' dir='ltr'>loquentium),</span> <span class='ocrx_word' id='word_1_193' title='bbox 1063 3195 1098 3252; x_wconf 91' lang='lat' dir='ltr'>et</span> <span class='ocrx_word' id='word_1_194' title='bbox 1122 3188 1160 3252; x_wconf 91' lang='lat' dir='ltr'>in</span> <span class='ocrx_word' id='word_1_195' title='bbox 1180 3188 1270 3262; x_wconf 85' lang='lat' dir='ltr'>istis,</span> <span class='ocrx_word' id='word_1_196' title='bbox 1285 3208 1372 3273; x_wconf 88' lang='lat' dir='ltr'>quae</span> <span class='ocrx_word' id='word_1_197' title='bbox 1392 3186 1443 3250; x_wconf 90' lang='lat' dir='ltr'>ita</span> 
     </span>
     <span class='ocr_line' id='line_1_24' title="bbox 298 3312 1444 3400; baseline 0 -23"><span class='ocrx_word' id='word_1_198' title='bbox 298 3319 380 3377; x_wconf 89' lang='lat' dir='ltr'>sunt</span> <span class='ocrx_word' id='word_1_199' title='bbox 403 3312 576 3377; x_wconf 89' lang='lat' dir='ltr'>contraria</span> <span class='ocrx_word' id='word_1_200' title='bbox 601 3336 644 3379; x_wconf 89' lang='lat' dir='ltr'>ne</span> <span class='ocrx_word' id='word_1_201' title='bbox 663 3314 810 3380; x_wconf 92' lang='lat' dir='ltr'>alterum</span> <span class='ocrx_word' id='word_1_202' title='bbox 835 3314 977 3380; x_wconf 90' lang='lat' dir='ltr'>alterins</span> <span class='ocrx_word' id='word_1_203' title='bbox 997 3313 1177 3380; x_wconf 86' lang='lat' dir='ltr'>materiam</span> <span class='ocrx_word' id='word_1_204' title='bbox 1201 3319 1358 3400; x_wconf 88' lang='lat' dir='ltr'>appetat,</span> <span class='ocrx_word' id='word_1_205' title='bbox 1379 3335 1444 3377; x_wconf 91' lang='lat' dir='ltr'>neo</span> 
     </span>
     <span class='ocr_line' id='line_1_25' title="bbox 298 3438 1442 3527; baseline 0.002 -25"><span class='ocrx_word' id='word_1_206' title='bbox 298 3438 447 3503; x_wconf 88' lang='lat' dir='ltr'>tendunt</span> <span class='ocrx_word' id='word_1_207' title='bbox 475 3438 518 3504; x_wconf 91' lang='lat' dir='ltr'>ad</span> <span class='ocrx_word' id='word_1_208' title='bbox 548 3446 704 3506; x_wconf 87' lang='lat' dir='ltr'>mutuam</span> <span class='ocrx_word' id='word_1_209' title='bbox 734 3441 1003 3527; x_wconf 89' lang='lat' dir='ltr'>corruptionem,</span> <span class='ocrx_word' id='word_1_210' title='bbox 1032 3439 1091 3506; x_wconf 88' lang='lat' dir='ltr'>sed</span> <span class='ocrx_word' id='word_1_211' title='bbox 1110 3438 1350 3505; x_wconf 88' lang='lat' dir='ltr'>tantummodo</span> <span class='ocrx_word' id='word_1_212' title='bbox 1371 3461 1442 3504; x_wconf 90' lang='lat' dir='ltr'>non</span> 
     </span>
    </p>

    <p class='ocr_par' dir='ltr' id='par_1_7' title="bbox 232 3564 1446 3778">
     <span class='ocr_line' id='line_1_26' title="bbox 232 3564 1446 3652; baseline 0.002 -24"><span class='ocrx_word' id='word_1_213' title='bbox 232 3581 276 3642; x_wconf 70' lang='lat'>25</span> <span class='ocrx_word' id='word_1_214' title='bbox 300 3564 524 3650; x_wconf 86' lang='lat' dir='ltr'>conveniunt,</span> <span class='ocrx_word' id='word_1_215' title='bbox 550 3565 645 3631; x_wconf 90' lang='lat' dir='ltr'>etin</span> <span class='ocrx_word' id='word_1_216' title='bbox 672 3565 726 3631; x_wconf 90' lang='lat' dir='ltr'>his</span> <span class='ocrx_word' id='word_1_217' title='bbox 754 3567 880 3632; x_wconf 86' lang='lat' dir='ltr'>accidit</span> <span class='ocrx_word' id='word_1_218' title='bbox 910 3565 1048 3652; x_wconf 88' lang='lat' dir='ltr'>quando</span> <span class='ocrx_word' id='word_1_219' title='bbox 1079 3566 1226 3631; x_wconf 86' lang='lat' dir='ltr'>alterum</span> <span class='ocrx_word' id='word_1_220' title='bbox 1259 3565 1360 3631; x_wconf 87' lang='lat' dir='ltr'>alteri</span> <span class='ocrx_word' id='word_1_221' title='bbox 1388 3588 1446 3652; x_wconf 92' lang='lat' dir='ltr'>ap-</span> 
     </span>
     <span class='ocr_line' id='line_1_27' title="bbox 299 3690 1445 3778; baseline 0 -23"><span class='ocrx_word' id='word_1_222' title='bbox 299 3690 516 3777; x_wconf 84' lang='lat' dir='ltr'>proximatur</span> <span class='ocrx_word' id='word_1_223' title='bbox 540 3714 602 3778; x_wconf 90' lang='lat' dir='ltr'>par</span> <span class='ocrx_word' id='word_1_224' title='bbox 631 3693 861 3758; x_wconf 88' lang='lat' dir='ltr'>extrinsecum</span> <span class='ocrx_word' id='word_1_225' title='bbox 889 3692 1105 3774; x_wconf 86' lang='lat' dir='ltr'>efficientem,</span> <span class='ocrx_word' id='word_1_226' title='bbox 1134 3690 1358 3756; x_wconf 86' lang='lat' dir='ltr'>manifestum</span> <span class='ocrx_word' id='word_1_227' title='bbox 1378 3697 1445 3776; x_wconf 87' lang='lat' dir='ltr'>est,</span> 
     </span>
    </p>
   </div>
   <div class='ocr_carea' id='block_1_5' title="bbox 300 3816 1445 3905">
    <p class='ocr_par' dir='ltr' id='par_1_8' title="bbox 300 3816 1445 3905">
     <span class='ocr_line' id='line_1_28' title="bbox 300 3816 1445 3905; baseline 0.003 -25"><span class='ocrx_word' id='word_1_228' title='bbox 300 3816 392 3902; x_wconf 89' lang='lat' dir='ltr'>quod</span> <span class='ocrx_word' id='word_1_229' title='bbox 411 3838 455 3881; x_wconf 90' lang='lat' dir='ltr'>ne</span> <span class='ocrx_word' id='word_1_230' title='bbox 474 3816 588 3903; x_wconf 91' lang='lat' dir='ltr'>ipsum</span> <span class='ocrx_word' id='word_1_231' title='bbox 608 3823 804 3884; x_wconf 89' lang='lat' dir='ltr'>contactum</span> <span class='ocrx_word' id='word_1_232' title='bbox 823 3826 982 3885; x_wconf 88' lang='lat' dir='ltr'>mutuum</span> <span class='ocrx_word' id='word_1_233' title='bbox 1000 3818 1194 3905; x_wconf 86' lang='lat' dir='ltr'>patientur,</span> <span class='ocrx_word' id='word_1_234' title='bbox 1220 3817 1249 3883; x_wconf 90' lang='lat' dir='ltr'>si</span> <span class='ocrx_word' id='word_1_235' title='bbox 1279 3817 1445 3903; x_wconf 87' lang='lat' dir='ltr'>vigeant:</span> 
     </span>
    </p>
   </div>
   <div class='ocr_carea' id='block_1_6' title="bbox 394 4090 1449 4194">
    <p class='ocr_par' dir='ltr' id='par_1_9' title="bbox 394 4090 1449 4194">
     <span class='ocr_line' id='line_1_29' title="bbox 394 4090 1449 4194; baseline 0 -18"><span class='ocrx_word' id='word_1_236' title='bbox 394 4090 604 4178; x_wconf 67' lang='lat' dir='ltr'>lidaneantla</span> <span class='ocrx_word' id='word_1_237' title='bbox 616 4129 842 4193; x_wconf 73' lang='lat' dir='ltr'>primavoltaB</span> <span class='ocrx_word' id='word_1_238' title='bbox 904 4127 1190 4194; x_wconf 59' lang='lat' dir='ltr'>saponariorum</span> <span class='ocrx_word' id='word_1_239' title='bbox 1252 4127 1398 4178; x_wconf 69' lang='lat' dir='ltr'>tlaotalis</span> <span class='ocrx_word' id='word_1_240' title='bbox 1422 4125 1449 4176; x_wconf 82' lang='grc' dir='ltr'><em>Ε</em></span> 
     </span>
    </p>
   </div>
   <div class='ocr_carea' id='block_1_7' title="bbox 301 4207 1446 4516">
    <p class='ocr_par' dir='ltr' id='par_1_10' title="bbox 301 4207 1446 4516">
     <span class='ocr_line' id='line_1_30' title="bbox 301 4207 1446 4272; baseline -0.002 -15"><span class='ocrx_word' id='word_1_241' title='bbox 301 4208 653 4271; x_wconf 68' lang='lat' dir='ltr'>toalidumafrigldot‘</span> <span class='ocrx_word' id='word_1_242' title='bbox 716 4212 746 4259; x_wconf 89' lang='lat'>10</span> <span class='ocrx_word' id='word_1_243' title='bbox 760 4210 824 4259; x_wconf 88' lang='lat' dir='ltr'>odio</span> <span class='ocrx_word' id='word_1_244' title='bbox 838 4226 886 4259; x_wconf 86' lang='lat' dir='ltr'>om.</span> <span class='ocrx_word' id='word_1_245' title='bbox 903 4210 925 4260; x_wconf 77' lang='grc' dir='ltr'><em>Ο</em></span> <span class='ocrx_word' id='word_1_246' title='bbox 986 4210 1017 4259; x_wconf 82' lang='lat'>13</span> <span class='ocrx_word' id='word_1_247' title='bbox 1033 4208 1210 4258; x_wconf 75' lang='lat' dir='ltr'>matoriaet&#39;</span> <span class='ocrx_word' id='word_1_248' title='bbox 1272 4207 1302 4256; x_wconf 84' lang='lat'>15</span> <span class='ocrx_word' id='word_1_249' title='bbox 1319 4213 1446 4272; x_wconf 81' lang='lat' dir='ltr'>etquen-</span> 
     </span>
     <span class='ocr_line' id='line_1_31' title="bbox 302 4288 1446 4354; baseline -0.002 -17"><span class='ocrx_word' id='word_1_250' title='bbox 302 4289 437 4339; x_wconf 89' lang='lat' dir='ltr'>tumlibet</span> <span class='ocrx_word' id='word_1_251' title='bbox 445 4289 479 4338; x_wconf 83' lang='lat'>13¹</span> <span class='ocrx_word' id='word_1_252' title='bbox 545 4291 576 4338; x_wconf 84' lang='lat'>19</span> <span class='ocrx_word' id='word_1_253' title='bbox 589 4290 658 4354; x_wconf 72' lang='lat' dir='ltr'>clepo</span> <span class='ocrx_word' id='word_1_254' title='bbox 667 4290 761 4340; x_wconf 84' lang='lat' dir='ltr'>aliena</span> <span class='ocrx_word' id='word_1_255' title='bbox 774 4290 893 4340; x_wconf 72' lang='lat' dir='ltr'>cancella</span> <span class='ocrx_word' id='word_1_256' title='bbox 906 4291 949 4352; x_wconf 82' lang='lat' dir='ltr'>(de</span> <span class='ocrx_word' id='word_1_257' title='bbox 963 4291 991 4340; x_wconf 74' lang='lat'>1³</span> <span class='ocrx_word' id='word_1_258' title='bbox 1006 4291 1127 4338; x_wconf 86' lang='lat' dir='ltr'>materia</span> <span class='ocrx_word' id='word_1_259' title='bbox 1144 4288 1318 4338; x_wconf 81' lang='lat' dir='ltr'>Aristoteles</span> <span class='ocrx_word' id='word_1_260' title='bbox 1331 4303 1390 4337; x_wconf 90' lang='lat' dir='ltr'>non</span> <span class='ocrx_word' id='word_1_261' title='bbox 1407 4288 1446 4335; x_wconf 91' lang='lat' dir='ltr'>lo·</span> 
     </span>
     <span class='ocr_line' id='line_1_32' title="bbox 301 4368 1442 4435; baseline 0 -18"><span class='ocrx_word' id='word_1_262' title='bbox 301 4369 411 4433; x_wconf 88' lang='lat' dir='ltr'>quitur)</span> <span class='ocrx_word' id='word_1_263' title='bbox 429 4369 454 4418; x_wconf 90' lang='lat' dir='ltr'><strong><em>B</em></strong></span> <span class='ocrx_word' id='word_1_264' title='bbox 517 4369 887 4435; x_wconf 75' lang='lat' dir='ltr'>mPerrpaanoticorumE</span> <span class='ocrx_word' id='word_1_265' title='bbox 946 4371 1066 4433; x_wconf 80' lang='lat' dir='ltr'>25forae</span> <span class='ocrx_word' id='word_1_266' title='bbox 1088 4369 1149 4427; x_wconf 83' lang='lat' dir='ltr'>(lis)</span> <span class='ocrx_word' id='word_1_267' title='bbox 1167 4368 1294 4419; x_wconf 81' lang='lat' dir='ltr'>accidit?</span> <span class='ocrx_word' id='word_1_268' title='bbox 1355 4368 1442 4418; x_wconf 76' lang='grc' dir='ltr'>27ηο</span> 
     </span>
     <span class='ocr_line' id='line_1_33' title="bbox 301 4447 709 4516; baseline 0.007 -21"><span class='ocrx_word' id='word_1_269' title='bbox 301 4451 394 4514; x_wconf 86' lang='lat' dir='ltr'>ipsum</span> <span class='ocrx_word' id='word_1_270' title='bbox 408 4449 548 4514; x_wconf 86' lang='lat' dir='ltr'>(quidam)</span> <span class='ocrx_word' id='word_1_271' title='bbox 563 4447 659 4500; x_wconf 74' lang='lat' dir='ltr'>Stolzle</span> <span class='ocrx_word' id='word_1_272' title='bbox 674 4451 709 4516; x_wconf 70' lang='grc'>(9)</span> 
     </span>
    </p>
   </div>
   <div class='ocr_carea' id='block_1_8' title="bbox 0 0 1751 5108">
    <p class='ocr_par' dir='ltr' id='par_1_11' title="bbox 0 0 1751 5108">
     <span class='ocr_line' id='line_1_34' title="bbox 0 0 1751 5108; baseline 0 0"><span class='ocrx_word' id='word_1_273' title='bbox 0 0 1751 5108; x_wconf 95' lang='lat' dir='ltr'> </span> 
     </span>
    </p>
   </div>
  </div>
 </body>
</html>
