3488 5108
287 366 348 426 238
727 381 866 428 mirmur
887 381 989 429 anum

289 546 323 604 et
343 538 392 603 ita
410 558 472 625 per
495 537 689 625 oppositam
719 539 888 604 rationem
914 544 996 605 sunt
1025 537 1223 620 manifesta3
1254 543 1315 603 aut
1345 544 1427 603 sunt

288 663 414 729 similia
433 671 468 729 et
485 664 759 752 proportionalia
778 664 843 747 his,
864 671 899 730 et
917 664 968 731 ita
991 664 1152 731 similiter
1175 670 1210 729 et
1239 664 1429 753 proportio·

286 788 413 855 naliter
431 789 603 855 habentur
626 789 794 875 definita),
818 789 907 856 nihil
935 790 1045 877 igitur
1073 812 1249 879 superesse
1277 789 1424 857 videtur.

287 915 409 1000 Itaque
428 937 506 981 curn
526 914 641 981 omnia
659 915 812 1003 primum
832 914 974 1003 'quidem
1001 915 1165 1000 habeant,
1194 936 1263 1003 quo
1289 914 1424 1003 possint

242 1051 263 1112 ὅ
286 1039 490 1127 simpliciter
509 1040 734 1129 apprehendi,
755 1040 819 1107 hcc
837 1048 890 1107 est
908 1040 1062 1108 subiecta
1077 1065 1140 1129 per
1158 1065 1206 1126 se,
1226 1039 1425 1129 praedicata

285 1188 347 1253 per
366 1189 414 1250 se;
439 1167 485 1232 Π.
506 1166 694 1254 complexe,
718 1176 758 1234 ut
780 1166 936 1233 subiecta
954 1166 1161 1255 praedicatis
1179 1173 1426 1248 annectuntur;

286 1300 470 1378 utrumque
488 1289 704 1378 perfecimus
724 1299 759 1357 et
778 1291 862 1358 duas
880 1292 1076 1359 intellectus
1099 1293 1317 1381 operationes
1336 1290 1428 1359 suffi-

285 1417 497 1484 cientissime
516 1417 761 1504 regulavimus

503 1659 578 1733 DE
621 1659 838 1736 VLTIMA
880 1659 952 1733 ET
996 1656 1208 1733 TERTIA
1456 1671 1572 1736 198r

761 1801 949 1878 PRAXI.

372 2031 465 2097 Nota
483 2031 534 2096 rei
553 2030 753 2097 definitione
772 2030 956 2113 essentiae,
985 2034 1020 2094 et
1047 2028 1197 2095 essentie
1225 2033 1260 2093 et
1290 2027 1425 2094 ratione

284 2177 352 2242 qua
366 2155 564 2243 praedicate
583 2156 699 2223 omnia
717 2156 759 2222 de
777 2155 861 2243 ipsis
880 2154 1056 2238 dicuntur,
1069 2152 1171 2219 facile
1191 2153 1258 2219 erit
1276 2153 1422 2220 subinde

282 2281 428 2370 probare
445 2282 622 2369 quodlibet
641 2282 683 2348 de
702 2281 870 2368 quolibet,
890 2253 1096 2368 applicando
1116 2278 1232 2344 omnia
1249 2278 1423 2366 principia

282 2409 338 2475 vel
357 2411 525 2496 quaedam
544 2409 732 2477 secundum
751 2408 964 2477 conditiones
984 2408 1078 2493 illae,
1104 2429 1192 2494 quae
1222 2413 1363 2474 servent
1390 2413 1425 2472 et

218 2538 259 2602 15
283 2533 456 2623 integram
483 2536 673 2624 respiciunt
701 2536 752 2601 rei
780 2534 963 2619 rationem,
992 2556 1061 2619 qua
1089 2532 1264 2600 destructa
1294 2534 1425 2620 ubique

282 2663 520 2750 praevaricare
537 2685 675 2729 necesse
693 2662 768 2727 erit.
791 2660 829 2727 Si
846 2683 928 2747 ergo
951 2660 1110 2727 volumus
1135 2658 1363 2747 quodcunque
1382 2662 1423 2728 de

283 2810 486 2876 quocunque
500 2788 659 2876 probare,
672 2787 826 2874 undique
841 2810 1022 2876 possumus
1038 2809 1172 2854 sumere
1186 2786 1313 2872 media,
1330 2786 1425 2854 dum-

281 2914 383 2981 modo
402 2913 463 2980 illa
481 2915 552 2980 sint
571 2913 827 2981 accommodata
851 2912 895 2980 ad
913 2913 1085 2979 rationem
1104 2935 1164 2977 seu
1184 2912 1422 2979 definitionem

281 3045 316 3103 et
334 3039 582 3126 proprietatem
601 3040 761 3124 subiecti,
782 3039 874 3126 quod
892 3038 994 3105 facile
1017 3038 1083 3104 erit
1103 3038 1325 3124 cognoscenti
1344 3039 1424 3105 defi·

214 3172 259 3234 20
281 3167 449 3234 nitionem
462 3176 496 3234 et
507 3168 647 3236 modum
659 3194 718 3237 seu
730 3169 878 3236 formam
890 3175 925 3234 et
936 3169 1170 3234 distinotionis
1180 3167 1423 3251 differentiam,

281 3315 349 3378 qua
368 3293 437 3359 tale
456 3295 694 3382 praedicatum
713 3295 841 3361 dicitur
860 3295 901 3360 de
920 3293 984 3360 tali
1003 3293 1158 3359 subiecto
1183 3293 1237 3359 vel
1268 3293 1337 3358 dici
1361 3315 1422 3380 po·

280 3422 356 3502 test,
376 3426 416 3485 ut
434 3443 496 3507 per
515 3421 722 3509 exemplum:
742 3421 855 3487 Homo
874 3427 925 3486 est
953 3420 1150 3486 substantia
1170 3420 1361 3507 composita
1380 3442 1423 3484 ex

279 3542 507 3611 intellectuali
527 3554 562 3612 et
580 3546 766 3631 materiali,
787 3546 900 3612 media
923 3546 1015 3612 inter
1033 3547 1245 3634 superiorem
1274 3552 1308 3611 et
1336 3545 1423 3611 infe-

278 3670 404 3737 riorem
423 3677 600 3758 naturam,
630 3680 664 3739 et
692 3696 800 3739 nexus
829 3674 1022 3759 utriusque;
1042 3674 1118 3740 ideo
1138 3675 1257 3741 unitas
1277 3674 1419 3741 illinon

213 3804 257 3869 25
281 3799 443 3865 convenit
466 3801 653 3867 secundum
675 3800 846 3866 rationem
865 3800 1016 3866 absoluti
1039 3801 1223 3887 simplicis,
1254 3801 1314 3867 sed
1343 3824 1422 3867 oon-

281 3928 383 3993 tracti
399 3935 434 3994 et
457 3929 650 4017 compositi,
671 3928 879 4013 coordinati,
905 3928 1180 4015 conspirantium
1199 3930 1364 4017 partium,
1385 3937 1419 3996 et

372 4208 596 4274 beppraehendi
612 4208 656 4258 M:
673 4206 926 4275 apprehendercA
991 4208 1018 4259 h.
1037 4223 1061 4258 e.
1079 4207 1122 4258 M:
1139 4214 1170 4268 ÷
1186 4211 1210 4258 A
1274 4212 1290 4260 8
1311 4210 1422 4274 regula-

281 4290 383 4342 vimus.
409 4297 516 4349 (sinis.)
539 4290 570 4339 Μ
631 4291 697 4341 9nn
717 4305 814 4339 raama
836 4306 869 4339 nr
890 4305 992 4340 virius
1012 4289 1045 4338 Μ
1106 4291 1134 4339 ll
1152 4289 1294 4341 essentiae
1320 4308 1370 4341 om.
1392 4292 1425 4342 M

282 4374 311 4421 12
327 4373 389 4436 ipso
411 4371 443 4420 Μ
508 4372 541 4422 25
560 4369 687 4421 absoluti
709 4369 863 4434 simpliciss
882 4367 955 4433 laic?
978 4369 1017 4420 iss
1039 4385 1124 4434 cerm
1140 4373 1219 4433 forse
1245 4371 1422 4438 simplicissi-

281 4452 318 4501 mi
328 4452 352 4517 2)
365 4452 403 4503 A:
416 4453 555 4516 absoluti,
570 4453 708 4518 simplicis
722 4451 752 4500 Μ
