3488 5108
295 406 354 464 456
733 423 875 495 icantur
895 421 998 469 savar

295 599 355 643 seu
373 578 594 665 cognitionis,
613 588 648 645 et
665 556 717 645 ita
735 580 891 646 absolute
910 587 945 647 et
965 580 1169 667 simpliciter
1187 587 1239 646 est
1257 580 1366 664 bona;
1383 580 1440 647 vel

295 711 465 788 quatenus
481 704 578 770 venit
596 705 634 770 in
652 727 752 771 usum
772 704 925 789 scientis,
946 712 981 771 et
1000 704 1051 771 ita
1069 705 1244 771 interdum
1263 705 1355 773 bona
1374 712 1437 789 est,

291 827 465 895 interdum
483 837 536 896 est
554 832 657 914 mala,
675 831 801 896 malam
816 837 931 896 autem
950 851 1108 896 essenon
1128 830 1357 918 intelligimus
1371 831 1436 898 sub

289 954 424 1020 ratione
455 956 618 1021 scientiae
649 957 787 1043 proprie
815 956 927 1022 dictae
956 954 1113 1040 (scientia
1141 956 1234 1021 enirn
1266 963 1436 1042 quatenus

245 1088 266 1152 5
289 1081 432 1147 scientia
452 1104 585 1169 semper
600 1088 653 1148 est
671 1082 761 1148 bona
781 1089 815 1147 et
834 1081 876 1147 de
897 1080 991 1147 omni
1007 1086 1041 1147 et
1056 1103 1119 1168 per
1138 1087 1202 1165 se),
1222 1077 1281 1148 sed
1300 1082 1364 1149 sub
1384 1105 1437 1149 ra·

288 1206 384 1272 tione
399 1207 563 1273 scientiae
582 1206 811 1274 communiter
830 1206 943 1273 dictae
959 1230 1019 1273 seu
1032 1207 1254 1295 particularis
1271 1207 1435 1290 noticiae,

290 1341 459 1418 quatenus
478 1332 521 1398 ad
544 1333 722 1399 definitam
747 1333 927 1400 materiam
951 1355 1010 1399 seu
1029 1333 1242 1420 singularem
1266 1334 1437 1401 contrahi·

289 1463 361 1541 tur,
382 1481 450 1544 quo
469 1459 574 1525 etiam
593 1466 695 1546 pacto
715 1458 752 1524 in
771 1465 895 1525 natura
919 1458 1082 1525 accidunt
1104 1466 1261 1526 monstra
1279 1482 1350 1528 non
1369 1461 1434 1527 sub

288 1585 421 1651 ratione
445 1592 590 1651 naturae
609 1584 765 1651 absolute
795 1595 830 1651 et
859 1585 1115 1669 universaliter,
1137 1584 1196 1650 sed
1215 1585 1279 1652 sub
1299 1585 1433 1652 ratione

224 1712 266 1775 10
288 1711 389 1776 istius
408 1710 462 1775 vel
481 1710 592 1796 illius,
613 1711 650 1776 in
670 1711 734 1776 hoc
753 1712 807 1777 vel
826 1712 864 1776 in
882 1710 952 1776 illo.

368 1929 473 1990 Omnis
492 1930 671 2008 superstitio
690 1940 721 1992 et
738 1930 931 2009 improbitas,
953 1950 1030 2007 quae
1051 1931 1101 1992 vel
1118 1951 1173 2009 per
1191 1950 1226 1992 se
1242 1931 1294 1992 val
1310 1914 1367 2010 pei·
1383 1951 1432 1992 ac·
1457 1934 1552 1999 ’ἳ6ν
1565 1936 1605 2001 O

288 2037 392 2097 cidens
418 2037 575 2097 reducitur
595 2038 635 2097 ad
655 2038 786 2114 magiam
812 2047 843 2098 et
869 2039 1090 2098 concomitatur
1114 2037 1211 2115 illam,
1241 2038 1377 2117 pertinet
1392 2039 1432 2098 ad

287 2146 408 2204 tertiam
426 2146 571 2223 speciem,
591 2165 668 2222 quae
687 2153 735 2204 est
752 2144 966 2205 mathematica
978 2190 1056 2204 ......
1077 2144 1183 2206 Omnis
1203 2145 1282 2206 enim
1300 2164 1385 2205 error
1401 2152 1433 2206 et

286 2259 445 2330 peccatum
472 2266 612 2313 versatur
628 2253 708 2312 circa
725 2272 761 2311 ea
778 2252 983 2329 potissimum,
1001 2271 1078 2326 quae
1095 2273 1113 2311 a
1130 2251 1234 2312 divino
1253 2261 1284 2313 et
1301 2253 1432 2313 naturali

223 2361 263 2425 15
286 2374 357 2420 sunt
373 2361 479 2420 alicua.
497 2363 557 2421 Hic
579 2361 827 2437 distinguendum
845 2371 893 2421 est
911 2360 949 2420 de
969 2361 1185 2421 mathematica
1201 2361 1367 2421 secundum
1384 2382 1433 2422 ra·

286 2468 399 2527 tionem
417 2469 617 2528 communiter
633 2469 757 2544 dictam,
777 2477 808 2530 et
829 2469 878 2528 hic
898 2468 1144 2528 mathematicum
1160 2468 1361 2544 distinguitur
1376 2490 1433 2547 per

287 2575 532 2639 Arithmeticam.
555 2577 797 2654 Astronomiam,
816 2577 968 2654 Opticam,
987 2576 1136 2635 Musicam
1155 2585 1232 2652 etc,
1252 2576 1312 2636 alio
1340 2585 1432 2654 pacto

286 2682 451 2742 secundum
468 2683 616 2744 rationem
634 2685 683 2745 hic
700 2685 869 2764 propriam,
891 2705 968 2761 quae
990 2693 1039 2745 est
1064 2685 1231 2745 secundum
1257 2685 1432 2762 analogiam

286 2789 326 2848 ad
343 2791 426 2849 illam
444 2809 640 2850 communem.

826 3050 890 3115 ΠΙ.

374 3310 489 3395 Magia
508 3309 751 3374 mathematica
770 3309 951 3374 mediaest
974 3309 1065 3374 inter
1084 3309 1239 3375 divinam
1259 3318 1293 3375 et
1311 3311 1428 3397 physi-

286 3458 360 3500 cam
376 3434 540 3520 magiam,
556 3435 645 3499 sicut
660 3434 903 3500 mathematica
920 3434 1124 3522 simpliciter
1138 3435 1250 3500 media
1267 3443 1319 3500 est
1334 3437 1426 3501 inter

284 3561 478 3625 naturalem
497 3567 532 3625 et
550 3559 830 3646 metaphysieam.

364 3766 529 3842 Distingue
547 3765 585 3825 de
602 3764 713 3825 medio.

376 4024 391 4072 2
405 4021 548 4087 interdum
561 4022 602 4070 ita
617 4021 639 4071 0
683 4021 775 4069 {lesse
790 4036 837 4068 om.
852 4020 873 4069 O
918 4020 934 4067 ,1
946 4035 983 4081 sq.
994 4019 1091 4067 omnis
1105 4034 1186 4068 error
1199 4024 1245 4069 eat
1259 4019 1346 4082 (inest
1360 4020 1392 4069 Μ
1400 4021 1424 4082 i)

285 4105 360 4154 circa
372 4103 513 4152 actionem
528 4104 623 4165 (circata
637 4100 686 4149 dur
698 4101 794 4164 parole
807 4116 861 4149 tion
875 4096 966 4148 clriare
978 4098 1006 4147 iu
1016 4099 1057 4161 M)
1067 4106 1096 4149 et
1107 4100 1341 4164 applicationem,
1353 4116 1426 4166 quae

285 4190 354 4233 sunt
374 4182 577 4247 particularia,
603 4180 711 4230 noticia
739 4195 805 4229 vcro
829 4185 857 4229 et
879 4181 1084 4245 contemplatio
1106 4187 1175 4230 sunt
1198 4182 1373 4231 universalia
1398 4181 1427 4232 in

285 4281 371 4328 titarp.
390 4263 442 4315 OM
504 4261 534 4311 13
552 4299 631 4312 ......
636 4258 972 4325 1parolaiueppituel1:
990 4260 1075 4311 orno
1136 4263 1428 4324 orrorcnimtroapo-

284 4348 352 4396 που
415 4346 444 4392 15
463 4341 702 4392 mathematieoe
763 4342 833 4403 dopo
851 4341 1053 4391 mathematica
1066 4342 1169 4405 parole
1186 4342 1334 4391 cancellata
1351 4340 1428 4391 inM

287 4481 317 4528 16
334 4476 576 4545 mathematicum]
589 4477 626 4526 sic
643 4476 696 4527 OM
756 4476 787 4527 22
803 4448 896 4526 meilis
909 4429 1078 4540 simpliciter
1090 4475 1121 4525 M
