3488 5108
248 407 250 410 ι
309 364 368 427 612
748 382 887 429 mensur
907 381 1010 429 sarm

309 543 388 608 alba
407 549 442 608 et
464 544 574 630 spissa
591 542 736 608 tendens
761 542 804 608 ad
822 541 1049 629 nigredinem,
1066 549 1151 608 tunc
1176 544 1208 608 D
1229 543 1352 609 oumC
1375 565 1457 609 con·

309 667 417 732 currit
446 667 483 732 in
507 669 651 734 materia
674 677 709 734 et
739 668 917 751 convenit,
946 667 1064 733 differt
1088 674 1204 734 autem
1234 690 1294 733 seu
1317 668 1458 733 discon-

309 793 406 858 venit
424 793 468 859 ab
488 794 520 858 A
538 794 575 860 in
596 794 738 878 virtute,
758 800 793 858 et
810 799 941 878 quanto
959 791 1084 858 fortius
1105 792 1359 875 disconveniat,
1381 815 1457 857 ma·

309 917 453 984 nifestat
475 917 561 983 illud
588 917 680 1004 quod
702 941 764 1005 per
783 940 880 983 suam
899 917 1071 984 actionem
1094 917 1251 1004 sequitur
1270 916 1395 984 melius
1418 921 1457 981 et

265 1045 286 1108 5
309 1043 494 1126 efficacius,
514 1066 616 1128 quarn
636 1043 723 1109 illud
742 1044 834 1130 quod
854 1066 913 1130 per
933 1066 1030 1108 suam
1049 1043 1255 1131 passionem.

398 1170 464 1235 Per
491 1167 639 1235 colorem
666 1191 748 1236 vero
778 1170 1005 1257 compositum
1028 1192 1071 1234 ex
1098 1171 1208 1236 multa
1238 1168 1398 1236 albedine
1423 1173 1462 1232 et
1487 1165 1585 1230 68⁹

309 1316 419 1380 pauca
437 1293 614 1378 rubedine,
632 1301 667 1359 et
682 1317 743 1381 per
761 1294 909 1361 colorem
924 1295 1153 1381 compositum
1173 1318 1215 1360 ex
1233 1296 1344 1361 multa
1363 1293 1459 1359 albe-

310 1420 390 1486 dine
408 1426 443 1485 et
462 1419 642 1506 nigredine
656 1442 783 1507 pauca,
805 1419 967 1505 cognosci
985 1427 1100 1507 potest
1116 1420 1163 1502 D,
1184 1419 1275 1506 quod
1292 1442 1327 1485 se
1345 1418 1456 1484 habet

309 1568 387 1611 cum
413 1545 445 1609 A
464 1552 583 1611 contra
602 1545 647 1626 B,
669 1545 750 1630 quia
770 1545 830 1610 Ao
851 1545 1012 1611 convenit
1033 1568 1111 1611 cum
1128 1545 1171 1629 B,
1187 1550 1328 1632 propter
1348 1565 1456 1629 quam

246 1682 288 1745 10
311 1670 588 1736 convenientiam
605 1672 636 1736 D
653 1678 705 1736 est
720 1678 842 1736 contra
858 1670 899 1752 Ο,
912 1670 1049 1755 quando
1067 1669 1220 1736 ostendit
1237 1668 1454 1752 rubedinem,

309 1804 343 1861 et
362 1803 482 1862 contra
500 1796 545 1879 A,
566 1795 703 1881 quando
724 1795 876 1861 ostendit
895 1794 1120 1882 nigredinem.

396 1922 449 1986 Ex
472 1922 549 1987 istis
573 1921 690 2008 colligi
712 1928 827 2008 potest
851 1921 1139 2006 quemadmodum
1167 1943 1229 2008 per
1252 1920 1313 1985 CA
1336 1926 1455 2007 potest

308 2046 440 2133 aliquid
455 2047 601 2113 existere
620 2070 697 2113 cum
717 2048 766 2130 D,
786 2047 958 2112 causando
978 2047 1016 2112 in
1033 2046 1135 2112 urina
1153 2046 1356 2112 rubedinem
1375 2046 1454 2112 sine

308 2173 466 2240 albedine
485 2180 546 2238 aut
565 2173 760 2239 claritatem
783 2180 817 2238 et
841 2172 1068 2239 citrinitatem
1088 2173 1161 2237 sine
1187 2171 1383 2258 nigredine,
1415 2180 1454 2238 et

245 2313 285 2378 15
310 2299 459 2384 qualiter
473 2299 578 2364 etiam
597 2298 766 2365 curafieri
785 2297 886 2364 debet
898 2321 959 2385 per
979 2298 1091 2364 simile
1103 2305 1138 2363 et
1149 2320 1211 2385 per
1222 2297 1436 2363 contrarium
1443 2321 1451 2380 ;

307 2424 493 2512 persimile
506 2425 597 2490 enim
608 2422 673 2515 (in)
684 2431 851 2510 quantum
865 2426 895 2490 B
908 2425 1071 2491 convenit
1081 2447 1159 2490 oum
1171 2423 1231 2489 CA
1248 2430 1282 2490 et
1295 2423 1355 2489 oA
1371 2446 1452 2489 cum

309 2550 354 2633 D,
373 2573 435 2636 per
454 2550 665 2617 contrarium
682 2556 796 2615 autem
813 2550 851 2614 in
866 2557 1033 2634 quantum
1046 2550 1076 2614 B
1092 2573 1154 2637 per
1171 2549 1321 2615 medium
1334 2556 1453 2636 potest

308 2676 444 2741 obstare
456 2675 524 2762 ipsi
536 2676 567 2740 D
576 2675 817 2742 concordando
830 2699 865 2741 se
876 2697 953 2741 cum
961 2674 1031 2758 CA,
1042 2683 1081 2741 ut
1093 2699 1156 2764 per
1167 2674 1452 2742 concordantiam

308 2799 461 2887 ipsorum
482 2800 513 2865 D
530 2802 562 2866 A
579 2801 605 2866 C
620 2802 729 2888 possit
746 2802 930 2866 destruere.

243 3053 287 3115 20
576 3068 610 3106 De
626 3068 692 3106 urina
706 3066 849 3115 significante
865 3067 990 3106 dominium
1005 3067 1179 3107 melancholiae.

396 3295 506 3362 Urina
529 3294 775 3359 melancholiae
799 3294 999 3380 significans
1019 3294 1211 3359 dominium
1227 3300 1282 3359 est
1306 3295 1384 3360 alba
1414 3303 1451 3360 et

309 3420 412 3502 clara,
432 3420 511 3484 alba
530 3425 671 3506 propter
688 3421 731 3501 D,
755 3419 845 3483 clara
864 3442 946 3483 voro
967 3427 1018 3482 est
1039 3421 1119 3502 quia
1138 3441 1227 3504 aqua
1248 3419 1450 3485 continetur

307 3569 368 3632 per
387 3554 529 3630 terra-m,
551 3555 705 3632 quaeest
724 3546 755 3610 ei
777 3546 904 3610 siccum
927 3568 1004 3626 vas,
1022 3551 1061 3609 ut
1080 3544 1113 3608 A
1140 3545 1176 3608 iu
1197 3568 1287 3629 aqua
1305 3546 1451 3611 mortifi-

240 3674 283 3736 25
308 3680 372 3737 cat.
393 3673 449 3738 Sic
465 3680 580 3760 potest
600 3673 751 3759 intelligi
771 3673 919 3758 qualiter
938 3695 1028 3756 aqua
1048 3673 1203 3737 continet
1223 3679 1349 3738 terram
1371 3697 1449 3739 oon·

317 3873 593 3887 5—-——---
614 3874 841 3881 —--—.........—
853 3874 861 3878 -
877 3874 901 3879 --
911 3874 1102 3881 —v-——.
1113 3874 1443 3884 ——-.-——-——

401 3982 413 4028 1
431 3982 465 4029 ad
484 3982 661 4044 nigredinem
679 3980 795 4029 trahens
813 3978 841 4027 X
861 3979 933 4028 Lali.
997 3979 1046 4028 3.5
1064 3985 1093 4028 ot
1109 3986 1217 4044 quanto
1236 3979 1339 4028 fortius
1361 3979 1453 4027 mnni-

306 4063 393 4111 festat
403 4062 473 4111 illud
486 4063 562 4126 qnod
571 4077 621 4126 por
634 4077 715 4111 sunm
727 4063 867 4111 actionem
883 4063 1014 4126 sequitur
1024 4076 1108 4125 quam
1118 4060 1189 4110 illud
1203 4066 1248 4109 etc.
1261 4060 1289 4108 X
1301 4061 1347 4123 (cf.
1362 4058 1449 4122 Lali.)

305 4145 404 4193 6vero
418 4141 460 4191 M:
477 4147 573 4192 nutem
589 4142 617 4191 X
630 4142 702 4191 Lull.
766 4141 942 4206 compositus
959 4141 990 4190 M
1054 4143 1082 4191 ll
1100 4148 1129 4191 et
1143 4147 1252 4199 contra]
1270 4144 1387 4189 ocontra
1403 4138 1448 4190 M:

305 4231 334 4273 ot
356 4230 400 4273 ost
419 4230 520 4272 contra
538 4223 567 4271 X
586 4223 657 4272 Luci.
728 4224 757 4272 12
781 4240 796 4269 11
812 4239 828 4268 a
844 4223 942 4285 colligi
968 4222 999 4270 M
1064 4223 1093 4271 13
1109 4221 1217 4285 aliquid
1240 4236 1312 4270 corr.
1333 4219 1377 4268 M:
1399 4220 1454 4269 ali·

308 4308 372 4370 quis
385 4305 442 4354 Ml:
459 4304 577 4370 quisX:
597 4304 664 4369 quid
681 4304 753 4352 Laii.
819 4304 894 4352 16111
910 4303 950 4352 X:
975 4320 1023 4351 om.
1049 4303 1080 4351 M
1144 4305 1174 4353 1ss
1191 4319 1220 4351 sii
1240 4317 1302 4351 cum
1319 4301 1449 4351 Ksed:

306 4401 401 4435 secum
421 4386 451 4434 M
458 4388 464 4420 ¹
528 4387 558 4433 21
576 4385 791 4434 melancholiam
812 4384 843 4432 M
851 4387 856 4418 ¹
921 4384 952 4431 ‘AE
970 4384 1103 4433 contines·
1120 4383 1149 4431 M
1157 4386 1161 4418 ¹
1227 4382 1308 4432 23224
1332 4381 1453 4432 mortifi-

306 4473 353 4516 cat
366 4465 395 4514 X
402 4466 432 4513 111
439 4484 444 4514 :
459 4466 651 4515 mortificotur
666 4465 738 4514 Lull.
