3488 5108
293 382 353 441 522
737 396 876 444 rounam
897 397 1000 442 aavm

292 550 453 617 humores
482 551 521 617 in
544 551 711 617 circulum
739 551 902 617 continue
931 558 967 617 et
994 552 1213 639 rapidissime
1244 559 1443 636 moveatur,

292 676 380 743 fluat
399 683 435 743 et
452 675 590 760 refluat,
611 683 645 742 et
665 699 685 742 a
705 676 817 742 medio
836 675 880 741 ad
897 682 1069 742 extremas
1087 683 1203 764 partes
1223 677 1446 744 diffundatur

293 808 328 867 et
347 801 391 868 ab
411 802 574 867 extremis
594 801 638 868 ad
659 801 810 867 medium
840 824 875 867 se
893 801 1051 889 recipiat,
1072 824 1184 887 neque
1213 825 1367 888 unquam
1384 801 1447 868 hic

293 935 408 993 motus
426 926 470 992 ad
488 948 606 992 omnes
624 926 752 992 locales
771 927 924 1014 corporis
943 926 1159 993 differentias
1179 926 1441 1009 intermittitur,

226 1046 230 1057 ’
249 1056 269 1118 5
293 1051 354 1118 sed
372 1052 558 1118 continuus
577 1074 655 1118 cnm
673 1052 767 1117 vitae
786 1051 1018 1118 continuitate
1038 1060 1248 1139 perseverat3
1265 1074 1348 1117 sane
1363 1074 1445 1118 curn

292 1175 415 1243 dicunt
433 1176 660 1264 Peripatetici
681 1176 775 1243 hunc
804 1199 877 1243 esse
906 1178 950 1243 ab
979 1183 1120 1260 natura,
1145 1177 1246 1243 valde
1274 1184 1445 1244 remotam

294 1301 473 1368 adducunt
491 1303 663 1369 rationem
681 1310 788 1388 atque
807 1302 999 1386 confusam,
1019 1303 1091 1368 fere
1117 1310 1223 1388 atque
1249 1303 1286 1368 hi
1306 1303 1367 1388 qui
1385 1324 1447 1369 vo·

292 1427 372 1492 lunt
383 1448 499 1493 rerum
512 1428 685 1493 rationem
697 1427 867 1494 adducere
879 1434 914 1494 et
929 1427 971 1492 de
988 1427 1148 1494 omnibus
1166 1427 1325 1513 definire,
1338 1450 1446 1516 porro

294 1551 436 1618 tandem
454 1573 493 1618 eo
517 1552 708 1618 deveniunt
733 1559 772 1618 ut
802 1551 1034 1638 respondeant
1061 1552 1166 1618 talem
1194 1574 1268 1618 esse
1296 1560 1446 1620 naturae

231 1681 272 1743 10
293 1675 512 1760 instinctum,
525 1675 591 1742 fati
610 1676 864 1759 necessitatem,
884 1677 951 1742 Dei
970 1676 1242 1763 providentiam,
1262 1678 1446 1744 viventum

293 1809 468 1884 naturam,
490 1802 626 1868 animae
645 1802 888 1868 conditionem.
903 1800 1004 1869 Unde
1017 1823 1099 1888 ergo
1118 1804 1263 1889 sanguis
1278 1803 1447 1869 continue

294 1928 474 1994 movetur?
493 1928 549 1992 Ab
569 1927 701 2008 anima,
722 1927 852 2012 inquit;
882 1929 947 1993 hoc
977 1934 1029 1993 est
1049 1928 1130 2013 quia
1148 1928 1287 2011 vivunt,
1307 1928 1372 1994 hoc
1391 1935 1447 1995 eet

294 2053 377 2138 quia
395 2075 466 2119 non
483 2060 564 2118 sunt
585 2051 722 2118 mortui.
745 2051 840 2131 Quae
858 2075 940 2118 sane
958 2054 1048 2119 ratio
1076 2051 1345 2140 philosophandi
1364 2053 1446 2140 plus

295 2199 398 2262 quam
418 2177 560 2264 puerilis
576 2177 765 2243 iuvenitur.
784 2177 832 2244 Et
846 2177 913 2244 hoc
931 2177 1058 2243 accidit
1073 2177 1135 2261 eis,
1157 2200 1235 2243 cum
1258 2177 1372 2244 nolint
1390 2178 1447 2244 in·

230 2311 272 2376 15
295 2300 454 2388 telligere
472 2302 616 2388 spiritus
635 2307 815 2386 naturam,
847 2325 950 2387 quam
983 2311 1189 2389 cogerentur
1220 2303 1447 2388 antiquorum

294 2450 389 2494 more
408 2427 565 2509 definire,
586 2426 624 2492 in
644 2449 791 2513 quorum
810 2435 927 2493 tamen
945 2428 1104 2514 vestigiis
1124 2427 1286 2495 insistere
1305 2428 1446 2511 uolnnt;

294 2558 330 2617 et
348 2574 391 2617 ex
411 2552 473 2617 hac
493 2551 696 2638 arrogantia
720 2560 755 2618 et
783 2560 948 2639 proterva
975 2553 1194 2638 ignorantiae
1226 2559 1260 2620 et
1290 2553 1448 2620 malitiae

294 2677 408 2764 specie
427 2684 641 2764 consequuta
660 2684 713 2742 est
737 2677 960 2744 scientiarum
985 2678 1240 2744 exterminatio.
1260 2679 1334 2744 Iam
1353 2700 1448 2744 reca-

294 2801 415 2868 damus
439 2826 459 2868 a
480 2801 751 2888 particularibus
777 2809 811 2867 et
835 2803 1059 2869 ascendamus
1088 2803 1125 2868 in
1153 2803 1275 2868 mundi
1302 2803 1445 2870 maioris

228 2933 272 2995 20
296 2927 635 3014 contemplationem,
657 2927 722 2992 hoc
745 2934 797 2991 est
821 2928 898 3012 quis
918 2949 1012 2993 mare
1036 2928 1121 2993 facit
1145 2928 1252 2994 fluere
1272 2935 1307 2993 et
1326 2928 1448 2994 reflue-

294 3075 346 3136 re,
365 3053 478 3118 fontes
503 3030 682 3135 scaturire,
704 3075 864 3119 emanare
887 3077 905 3117 e
928 3054 1118 3119 visceribus
1137 3062 1249 3118 terrae
1272 3061 1307 3118 et
1330 3053 1368 3118 in
1394 3054 1445 3120 vi-

295 3201 389 3243 scera
408 3177 560 3242 eiusdem
578 3178 732 3261 recondi,
754 3179 867 3244 calore
891 3179 1005 3244 soluta
1030 3179 1229 3262 ascendere,
1249 3178 1392 3244 humida
1411 3186 1446 3244 et

295 3311 456 3369 concreta
474 3304 691 3388 descendere,
712 3311 834 3369 ventos
858 3306 1014 3369 exomni
1044 3305 1186 3390 regione
1216 3304 1344 3388 efflare,
1374 3327 1446 3370 cor-

294 3449 380 3513 pora
394 3430 636 3514 potentissima
652 3436 687 3494 et
703 3430 906 3495 invisibilia.
920 3428 1023 3494 Caelo
1036 3429 1126 3493 enim
1145 3429 1313 3494 existente
1326 3452 1446 3496 sereno

229 3556 271 3618 Ξῖ)
295 3576 354 3619 scu
384 3552 581 3639 purissimO,
614 3555 758 3640 spiritus
790 3555 848 3638 qui
880 3554 1089 3619 concutiunt
1117 3561 1265 3637 montes,
1286 3562 1450 3619 evertunt

295 3677 466 3760 aedificia,
487 3679 592 3744 maris
615 3678 742 3744 fluetus
767 3680 940 3763 usquead
966 3680 1078 3744 caelos
1104 3679 1282 3760 attollunt,
1302 3688 1337 3743 et
1360 3680 1448 3743 mul-

296 3802 411 3889 tiplici
441 3802 585 3888 regione
607 3802 758 3889 spirant,
791 3826 835 3867 ne
866 3804 977 3890 possis
1008 3803 1121 3867 dicere
1151 3803 1212 3867 hos
1244 3826 1315 3869 esse
1343 3826 1449 3889 vapo-

294 3950 362 4012 res,
383 3927 542 3993 humores
562 3935 596 3993 et
621 3927 763 4011 similia,
784 3928 845 4012 qui
872 3929 922 3992 ita
943 3950 1085 4014 corpora
1104 3927 1254 4014 pellunt,
1281 3928 1448 4012 quidnam

297 4051 400 4137 pellit
430 4051 590 4117 humores
617 4059 652 4116 et
680 4053 848 4137 vapores?
869 4053 971 4117 Dices
995 4053 1142 4117 fortasse
1165 4061 1278 4116 a'e'rem
1302 4059 1446 4117 motum.

388 4367 404 4416 6
421 4367 626 4431 Peripathetici
644 4365 677 4415 M
736 4369 768 4416 12
784 4366 844 4418 ἑὰ
862 4368 921 4417 vita
939 4369 1005 4432 quia
1023 4371 1127 4419 vivunt
1143 4370 1175 4419 M
1181 4374 1187 4405 ¹
1251 4373 1290 4421 20.
1302 4372 1334 4421 26
1350 4371 1385 4435 cf.
1403 4388 1446 4421 ac·

303 4461 361 4510 pra
369 4463 401 4510 p.
415 4448 475 4505 415,
488 4449 505 4495 5
518 4462 572 4510 sqq.
588 4447 650 4508 467,
665 4448 679 4495 7
691 4463 745 4511 sqq.
809 4449 841 4498 ‘23
859 4455 962 4499 ventus
976 4450 1009 4499 Μ
