3488 5108
281 384 338 441 110
716 397 856 443 reantur
878 397 979 442 novur

367 553 501 618 XVIII.
519 553 776 640 consequenter
791 578 833 620 ex
848 554 1023 622 antedicto
1039 518 1169 622 bonum
1186 561 1238 621 est
1254 554 1421 642 quicquid

278 685 333 741 est
349 677 428 743 finis
447 685 481 743 et
501 679 667 764 quicquid
686 688 738 746 est
754 680 798 746 ad
817 681 930 746 finem.

366 804 469 869 XIX.
489 806 748 893 consequenter
767 831 808 874 ex
827 810 982 896 proxime
1000 809 1092 875 dicto
1108 810 1239 875 bonum
1255 814 1307 875 est
1327 807 1422 893 quic-

271 930 362 1016 ·quid
381 929 466 996 facit
488 939 522 996 et
541 931 697 998 vivificat
716 932 845 999 bonum
866 935 921 1000 vel
944 935 1043 1000 bene.

233 1063 254 1125 b
366 1059 449 1124 XX.
470 1061 729 1147 Consequenter
759 1085 801 1127 ex
830 1062 988 1149 proximo
1019 1063 1149 1129 bonum
1180 1068 1233 1128 est
1263 1054 1422 1127 nutriens

278 1187 441 1272 aiensque
464 1188 607 1273 bonum,
628 1196 749 1277 utpote
780 1189 872 1275 quod
891 1190 928 1255 in
947 1190 1076 1257 boumn
1101 1197 1153 1256 est
1173 1187 1422 1271 convertibile;

278 1320 313 1379 et
332 1316 401 1382 tale
421 1322 472 1382 est
499 1317 630 1383 bonurn
648 1317 685 1383 in
705 1317 877 1404 potentia,
897 1319 926 1384 si
950 1325 1001 1384 est
1020 1320 1150 1386 bonum
1179 1316 1422 1402 materialiter,

278 1451 330 1508 est
347 1450 462 1509 autem
481 1445 612 1511 bonurn
635 1445 672 1510 in
691 1451 785 1530 actu,
806 1446 835 1510 si
855 1453 906 1511 est
924 1445 1055 1512 bonum
1075 1447 1234 1512 nutriens
1253 1443 1421 1511 effective.

366 1572 469 1638 XXI.
501 1573 757 1658 consequenter
786 1596 828 1638 ex
859 1572 951 1639 dicto
984 1573 1075 1659 quod
1105 1580 1218 1658 sanat,
1251 1572 1421 1657 medetur,

216 1711 256 1774 10
278 1700 390 1768 reficit
409 1708 443 1766 et
463 1708 515 1768 est
533 1701 729 1767 antidotum
750 1709 869 1767 contra
889 1701 1029 1768 malum.

367 1828 488 1894 XXII.
508 1829 767 1914 consequenter
787 1828 878 1915 quod
897 1836 1031 1913 sanata,
1052 1829 1222 1895 medicata
1239 1833 1422 1893 conservat

281 1962 316 2021 et
334 1961 461 2021 tuetur.

368 2079 508 2146 XXIII.
539 2079 796 2165 consequenter
830 2080 922 2167 quod
956 2081 1189 2147 conservando
1224 2086 1259 2145 et
1288 2079 1418 2145 tuendo

280 2212 373 2272 arcet
391 2206 519 2271 malum
539 2213 574 2271 et
592 2206 697 2293 eripit
715 2229 734 2271 a
755 2206 854 2272 malo.

215 2334 256 2399 15
367 2331 502 2397 XXIV.
535 2331 792 2418 consequenter
823 2333 918 2399 ouius
943 2333 1100 2399 absentia
1131 2339 1165 2399 et
1195 2332 1347 2421 privatio
1368 2338 1420 2397 est

279 2459 379 2525 mala.

368 2585 484 2652 XXV.
505 2584 612 2652 cuiue
632 2587 845 2673 contrarium
871 2595 923 2653 ost
950 2610 1075 2675 poena,
1107 2596 1142 2654 et
1162 2587 1259 2655 cuius
1289 2586 1418 2675 positio

279 2725 332 2783 est
350 2717 512 2784 iucunda.

368 2845 503 2911 XXVI.
524 2845 622 2924 Quod
640 2852 692 2909 est
711 2845 748 2909 in
777 2845 868 2910 scala
886 2851 1032 2910 naturae
1062 2852 1096 2909 et
1115 2845 1305 2931 specierum
1331 2842 1423 2909 ordi-

212 2979 255 3042 20
277 2982 400 3041 natum
435 2996 538 3060 supra
569 2972 727 3037 infimum
757 2971 904 3057 gradum
934 2978 968 3036 et
998 2970 1138 3037 infimus
1178 2973 1250 3060 ipse
1289 2971 1419 3058 gradus

277 3101 407 3167 bonum
440 3098 611 3185 quoddam
642 3106 708 3180 est,
740 3104 910 3181 quatenus
941 3097 1033 3163 basis
1065 3106 1100 3164 et
1126 3097 1340 3185 principium
1368 3104 1421 3162 est

278 3225 486 3293 eiuscemodi
506 3225 624 3291 scalae.

366 3350 520 3416 XXVII.
541 3349 713 3434 Quicquid
730 3349 768 3414 in
787 3348 888 3413 coelo
909 3356 1066 3436 apparet,
1080 3357 1120 3413 ut
1139 3348 1189 3414 sol
1208 3355 1242 3413 et
1261 3354 1367 3431 astra,
1385 3353 1419 3413 et
1446 3349 1565 3411 145v

279 3478 407 3565 specics
436 3477 474 3541 in
507 3476 686 3563 superficie
724 3475 858 3540 telluris
893 3475 1158 3542 delectationem
1189 3474 1295 3558 cient;
1329 3474 1422 3541 unde

211 3603 254 3666 25
279 3605 373 3669 subit
392 3604 522 3669 bonum
542 3625 613 3667 esse
633 3601 725 3687 quod
743 3624 861 3666 revera
880 3601 1047 3687 pulcrum.

366 3730 539 3796 XXVIII.
560 3728 733 3815 Quicquid
753 3728 796 3793 ad
825 3728 1089 3794 similitudinem
1113 3729 1304 3816 primarum
1328 3754 1422 3796 carre-

278 3882 393 3925 sarum
428 3859 465 3924 in
495 3857 671 3942 secundis,
708 3881 794 3943 quae
826 3857 904 3921 illas
936 3864 1208 3943 consequuntur,
1246 3858 1422 3924 conforme

279 3984 473 4072 apparebit,
502 3985 632 4050 bonum
652 3983 893 4049 secundarium
925 3983 1120 4070 appellatur
1140 3991 1174 4048 et
1198 3983 1359 4069 habetur,
1380 3984 1424 4050 si-

374 4305 403 4354 17
421 4304 563 4368 appositio
577 4304 635 4364 (con
650 4300 815 4352 iodicozione
827 4300 857 4351 di
869 4301 1058 4353 urracarionte
1070 4305 1224 4370 oppositio)
1241 4303 1272 4354 Μ
1333 4307 1364 4357 18
1379 4313 1423 4357 est

281 4390 394 4434 corrono
412 4386 474 4449 (aare
487 4381 521 4432 Al
535 4383 557 4445 ,9)
573 4381 601 4432 in
613 4385 636 4431 A
700 4384 738 4434 23.
752 4385 782 4433 ¹24
799 4384 841 4434 sol
860 4389 889 4434 ot
906 4387 984 4435 astra
1001 4389 1030 4435 ot
1047 4386 1156 4449 species
1178 4387 1268 4450 (senza
1285 4386 1424 4452 interpun-

281 4465 365 4530 zionc)
375 4466 396 4513 A
406 4483 411 4514 :
423 4452 479 4539 Θ,
495 4471 586 4530 astra,
600 4475 629 4516 et
641 4470 749 4534 species
764 4467 795 4516 M
