<?xml version="1.0" encoding="UTF-8"?>
<!DOCTYPE html PUBLIC "-//W3C//DTD XHTML 1.0 Transitional//EN"
    "http://www.w3.org/TR/xhtml1/DTD/xhtml1-transitional.dtd">
<html xmlns="http://www.w3.org/1999/xhtml" xml:lang="en" lang="en">
 <head>
  <title>
</title>
<meta http-equiv="Content-Type" content="text/html;charset=utf-8" />
  <meta name='ocr-system' content='tesseract 3.04.00' />
  <meta name='ocr-capabilities' content='ocr_page ocr_carea ocr_par ocr_line ocrx_word'/>
</head>
<body>
  <div class='ocr_page' id='page_1' title='image "./jordanibruninol05brungoog_0217.png"; bbox 0 0 3488 5108; ppageno 0'>
   <div class='ocr_carea' id='block_1_1' title="bbox 281 371 983 461">
    <p class='ocr_par' dir='ltr' id='par_1_1' title="bbox 281 371 983 461">
     <span class='ocr_line' id='line_1_1' title="bbox 281 371 983 461; baseline -0.004 -30"><span class='ocrx_word' id='word_1_1' title='bbox 281 371 339 431; x_wconf 84' lang='grc'>148</span> <span class='ocrx_word' id='word_1_2' title='bbox 591 449 595 461; x_wconf 92' lang='lat'>.</span> <span class='ocrx_word' id='word_1_3' title='bbox 723 384 983 430; x_wconf 68' lang='lat' dir='ltr'>manturanum</span> 
     </span>
    </p>
   </div>
   <div class='ocr_carea' id='block_1_2' title="bbox 206 540 1556 3411">
    <p class='ocr_par' dir='ltr' id='par_1_2' title="bbox 278 540 1424 1007">
     <span class='ocr_line' id='line_1_2' title="bbox 367 540 1424 630; baseline -0.002 -23"><span class='ocrx_word' id='word_1_4' title='bbox 367 543 468 607; x_wconf 90' lang='lat' dir='ltr'><strong>XIII.</strong></span> <span class='ocrx_word' id='word_1_5' title='bbox 493 545 557 608; x_wconf 87' lang='lat' dir='ltr'>Est</span> <span class='ocrx_word' id='word_1_6' title='bbox 581 540 754 630; x_wconf 84' lang='lat' dir='ltr'>apodixia,</span> <span class='ocrx_word' id='word_1_7' title='bbox 780 542 834 607; x_wconf 92' lang='lat' dir='ltr'>cui</span> <span class='ocrx_word' id='word_1_8' title='bbox 859 547 979 607; x_wconf 89' lang='lat' dir='ltr'>contra</span> <span class='ocrx_word' id='word_1_9' title='bbox 1003 540 1132 607; x_wconf 88' lang='lat' dir='ltr'>militat</span> <span class='ocrx_word' id='word_1_10' title='bbox 1151 540 1290 609; x_wconf 89' lang='lat' dir='ltr'>habitus</span> <span class='ocrx_word' id='word_1_11' title='bbox 1309 540 1424 630; x_wconf 90' lang='lat' dir='ltr'>sophi·</span> 
     </span>
     <span class='ocr_line' id='line_1_3' title="bbox 278 665 1422 751; baseline 0.001 -19"><span class='ocrx_word' id='word_1_12' title='bbox 278 667 397 751; x_wconf 88' lang='lat' dir='ltr'>sticus;</span> <span class='ocrx_word' id='word_1_13' title='bbox 417 667 508 734; x_wconf 87' lang='lat' dir='ltr'>unde</span> <span class='ocrx_word' id='word_1_14' title='bbox 527 668 616 735; x_wconf 87' lang='lat' dir='ltr'>sicut</span> <span class='ocrx_word' id='word_1_15' title='bbox 634 667 691 734; x_wconf 92' lang='lat' dir='ltr'>hic</span> <span class='ocrx_word' id='word_1_16' title='bbox 709 666 905 734; x_wconf 85' lang='lat' dir='ltr'>aedificavit</span> <span class='ocrx_word' id='word_1_17' title='bbox 924 666 1035 733; x_wconf 88' lang='lat' dir='ltr'>veluti</span> <span class='ocrx_word' id='word_1_18' title='bbox 1053 665 1193 734; x_wconf 89' lang='lat' dir='ltr'>domum</span> <span class='ocrx_word' id='word_1_19' title='bbox 1208 667 1422 734; x_wconf 86' lang='lat' dir='ltr'>extrinsecus</span> 
     </span>
     <span class='ocr_line' id='line_1_4' title="bbox 278 792 1420 881; baseline 0 -22"><span class='ocrx_word' id='word_1_20' title='bbox 278 800 436 859; x_wconf 89' lang='lat' dir='ltr'>ornatam</span> <span class='ocrx_word' id='word_1_21' title='bbox 452 802 486 859; x_wconf 89' lang='lat' dir='ltr'>et</span> <span class='ocrx_word' id='word_1_22' title='bbox 504 793 613 859; x_wconf 87' lang='lat' dir='ltr'>veluti</span> <span class='ocrx_word' id='word_1_23' title='bbox 633 792 819 881; x_wconf 81' lang='lat' dir='ltr'>lapideam,</span> <span class='ocrx_word' id='word_1_24' title='bbox 838 793 901 859; x_wconf 92' lang='lat' dir='ltr'>sub</span> <span class='ocrx_word' id='word_1_25' title='bbox 920 792 1057 880; x_wconf 79' lang='lat' dir='ltr'><strong>pictura</strong></span> <span class='ocrx_word' id='word_1_26' title='bbox 1080 798 1198 859; x_wconf 91' lang='lat' dir='ltr'>tamen</span> <span class='ocrx_word' id='word_1_27' title='bbox 1225 801 1278 860; x_wconf 91' lang='lat' dir='ltr'>est</span> <span class='ocrx_word' id='word_1_28' title='bbox 1307 794 1420 860; x_wconf 90' lang='lat' dir='ltr'>lutum</span> 
     </span>
     <span class='ocr_line' id='line_1_5' title="bbox 278 917 1421 1007; baseline -0.002 -21"><span class='ocrx_word' id='word_1_29' title='bbox 278 918 417 1000; x_wconf 88' lang='lat' dir='ltr'>(sufficit</span> <span class='ocrx_word' id='word_1_30' title='bbox 437 920 529 985; x_wconf 90' lang='lat' dir='ltr'>enim</span> <span class='ocrx_word' id='word_1_31' title='bbox 549 919 754 1007; x_wconf 78' lang='lat' dir='ltr'>apparentia</span> <span class='ocrx_word' id='word_1_32' title='bbox 772 918 879 1003; x_wconf 90' lang='lat' dir='ltr'>huic),</span> <span class='ocrx_word' id='word_1_33' title='bbox 899 917 1113 1006; x_wconf 86' lang='lat' dir='ltr'>apodictious</span> <span class='ocrx_word' id='word_1_34' title='bbox 1132 941 1214 986; x_wconf 87' lang='lat' dir='ltr'>vero</span> <span class='ocrx_word' id='word_1_35' title='bbox 1232 918 1277 985; x_wconf 92' lang='lat' dir='ltr'>ad</span> <span class='ocrx_word' id='word_1_36' title='bbox 1294 920 1344 986; x_wconf 90' lang='lat' dir='ltr'>rei</span> <span class='ocrx_word' id='word_1_37' title='bbox 1364 942 1421 986; x_wconf 87' lang='lat' dir='ltr'>ve-</span> 
     </span>
    </p>

    <p class='ocr_par' dir='ltr' id='par_1_3' title="bbox 232 1044 777 1116">
     <span class='ocr_line' id='line_1_6' title="bbox 232 1044 777 1116; baseline 0.004 -8"><span class='ocrx_word' id='word_1_38' title='bbox 232 1053 253 1116; x_wconf 81' lang='lat'>5</span> <span class='ocrx_word' id='word_1_39' title='bbox 277 1044 417 1110; x_wconf 88' lang='lat' dir='ltr'>ritatem</span> <span class='ocrx_word' id='word_1_40' title='bbox 435 1044 576 1111; x_wconf 90' lang='lat' dir='ltr'>habitus</span> <span class='ocrx_word' id='word_1_41' title='bbox 596 1044 777 1111; x_wconf 74' lang='lat' dir='ltr'>adnititur.</span> 
     </span>
    </p>

    <p class='ocr_par' dir='ltr' id='par_1_4' title="bbox 275 1169 1420 1635">
     <span class='ocr_line' id='line_1_7' title="bbox 364 1169 1420 1259; baseline 0.001 -23"><span class='ocrx_word' id='word_1_42' title='bbox 364 1169 462 1236; x_wconf 86' lang='lat' dir='ltr'><strong>XIV.</strong></span> <span class='ocrx_word' id='word_1_43' title='bbox 486 1171 550 1236; x_wconf 85' lang='lat' dir='ltr'>Est</span> <span class='ocrx_word' id='word_1_44' title='bbox 569 1170 773 1257; x_wconf 79' lang='lat' dir='ltr'>recognitm,</span> <span class='ocrx_word' id='word_1_45' title='bbox 793 1176 914 1259; x_wconf 83' lang='lat' dir='ltr'>utpote</span> <span class='ocrx_word' id='word_1_46' title='bbox 941 1170 1081 1238; x_wconf 89' lang='lat' dir='ltr'>habitus</span> <span class='ocrx_word' id='word_1_47' title='bbox 1101 1193 1169 1256; x_wconf 90' lang='lat' dir='ltr'>quo</span> <span class='ocrx_word' id='word_1_48' title='bbox 1193 1169 1367 1257; x_wconf 85' lang='lat' dir='ltr'>quispiam</span> <span class='ocrx_word' id='word_1_49' title='bbox 1385 1179 1420 1238; x_wconf 92' lang='lat' dir='ltr'>et</span> 
     </span>
     <span class='ocr_line' id='line_1_8' title="bbox 275 1294 1420 1383; baseline 0.001 -24"><span class='ocrx_word' id='word_1_50' title='bbox 275 1294 477 1361; x_wconf 83' lang='lat' dir='ltr'>facultatem</span> <span class='ocrx_word' id='word_1_51' title='bbox 496 1295 649 1381; x_wconf 89' lang='lat' dir='ltr'>aliquam</span> <span class='ocrx_word' id='word_1_52' title='bbox 667 1296 793 1362; x_wconf 89' lang='lat' dir='ltr'>habeat</span> <span class='ocrx_word' id='word_1_53' title='bbox 812 1302 847 1360; x_wconf 87' lang='lat' dir='ltr'>et</span> <span class='ocrx_word' id='word_1_54' title='bbox 865 1294 1001 1383; x_wconf 88' lang='lat' dir='ltr'>pondus</span> <span class='ocrx_word' id='word_1_55' title='bbox 1020 1318 1101 1362; x_wconf 87' lang='lat' dir='ltr'>suae</span> <span class='ocrx_word' id='word_1_56' title='bbox 1117 1294 1295 1362; x_wconf 82' lang='lat' dir='ltr'>facultatis</span> <span class='ocrx_word' id='word_1_57' title='bbox 1315 1317 1420 1382; x_wconf 83' lang='lat' dir='ltr'>agno·</span> 
     </span>
     <span class='ocr_line' id='line_1_9' title="bbox 275 1419 1419 1509; baseline 0 -24"><span class='ocrx_word' id='word_1_58' title='bbox 275 1426 364 1505; x_wconf 89' lang='lat' dir='ltr'>scat,</span> <span class='ocrx_word' id='word_1_59' title='bbox 385 1421 440 1492; x_wconf 82' lang='lat' dir='ltr'>cui</span> <span class='ocrx_word' id='word_1_60' title='bbox 463 1421 560 1487; x_wconf 88' lang='lat' dir='ltr'>obest</span> <span class='ocrx_word' id='word_1_61' title='bbox 589 1421 808 1507; x_wconf 83' lang='lat' dir='ltr'>arrogantiae</span> <span class='ocrx_word' id='word_1_62' title='bbox 835 1419 992 1506; x_wconf 88' lang='lat' dir='ltr'>habitus,</span> <span class='ocrx_word' id='word_1_63' title='bbox 1021 1427 1142 1508; x_wconf 87' lang='lat' dir='ltr'>utpote</span> <span class='ocrx_word' id='word_1_64' title='bbox 1167 1420 1419 1509; x_wconf 87' lang='lat' dir='ltr'>praesumentis</span> 
     </span>
     <span class='ocr_line' id='line_1_10' title="bbox 275 1545 1420 1635; baseline 0 -23"><span class='ocrx_word' id='word_1_65' title='bbox 275 1568 378 1633; x_wconf 88' lang='lat' dir='ltr'>supra</span> <span class='ocrx_word' id='word_1_66' title='bbox 397 1547 531 1635; x_wconf 91' lang='lat' dir='ltr'>pondus</span> <span class='ocrx_word' id='word_1_67' title='bbox 556 1554 661 1633; x_wconf 88' lang='lat' dir='ltr'>atque</span> <span class='ocrx_word' id='word_1_68' title='bbox 684 1547 788 1631; x_wconf 86' lang='lat' dir='ltr'>vires;</span> <span class='ocrx_word' id='word_1_69' title='bbox 814 1547 904 1612; x_wconf 89' lang='lat' dir='ltr'>unde</span> <span class='ocrx_word' id='word_1_70' title='bbox 929 1545 1057 1612; x_wconf 89' lang='lat' dir='ltr'>dicitur</span> <span class='ocrx_word' id='word_1_71' title='bbox 1087 1547 1191 1613; x_wconf 89' lang='lat' dir='ltr'>etiam</span> <span class='ocrx_word' id='word_1_72' title='bbox 1219 1568 1420 1635; x_wconf 89' lang='lat' dir='ltr'>praesum·</span> 
     </span>
    </p>

    <p class='ocr_par' dir='ltr' id='par_1_5' title="bbox 210 1675 1081 1764">
     <span class='ocr_line' id='line_1_11' title="bbox 210 1675 1081 1764; baseline -0.006 -19"><span class='ocrx_word' id='word_1_73' title='bbox 210 1682 252 1745; x_wconf 89' lang='lat'>10</span> <span class='ocrx_word' id='word_1_74' title='bbox 275 1675 346 1760; x_wconf 89' lang='lat' dir='ltr'>tio,</span> <span class='ocrx_word' id='word_1_75' title='bbox 372 1682 542 1761; x_wconf 75' lang='lat' dir='ltr'>quatenus</span> <span class='ocrx_word' id='word_1_76' title='bbox 562 1675 734 1764; x_wconf 84' lang='lat' dir='ltr'>quispiam</span> <span class='ocrx_word' id='word_1_77' title='bbox 760 1697 858 1762; x_wconf 87' lang='lat' dir='ltr'>prae</span> <span class='ocrx_word' id='word_1_78' title='bbox 882 1698 922 1740; x_wconf 85' lang='lat' dir='ltr'>se</span> <span class='ocrx_word' id='word_1_79' title='bbox 945 1675 1081 1740; x_wconf 89' lang='lat' dir='ltr'>sumit.</span> 
     </span>
    </p>

    <p class='ocr_par' dir='ltr' id='par_1_6' title="bbox 274 1803 1417 2016">
     <span class='ocr_line' id='line_1_12' title="bbox 363 1803 1417 1892; baseline 0.001 -22"><span class='ocrx_word' id='word_1_80' title='bbox 363 1805 442 1871; x_wconf 89' lang='lat' dir='ltr'>XV.</span> <span class='ocrx_word' id='word_1_81' title='bbox 467 1805 605 1871; x_wconf 84' lang='lat' dir='ltr'>Dicitur</span> <span class='ocrx_word' id='word_1_82' title='bbox 621 1803 837 1888; x_wconf 86' lang='lat' dir='ltr'>orthodoxia,</span> <span class='ocrx_word' id='word_1_83' title='bbox 858 1811 978 1892; x_wconf 90' lang='lat' dir='ltr'>utpote</span> <span class='ocrx_word' id='word_1_84' title='bbox 1002 1803 1142 1869; x_wconf 88' lang='lat' dir='ltr'>habitus</span> <span class='ocrx_word' id='word_1_85' title='bbox 1170 1826 1248 1870; x_wconf 90' lang='lat' dir='ltr'>cum</span> <span class='ocrx_word' id='word_1_86' title='bbox 1276 1804 1417 1871; x_wconf 89' lang='lat' dir='ltr'>rectitu-</span> 
     </span>
     <span class='ocr_line' id='line_1_13' title="bbox 274 1929 915 2016; baseline 0.003 -20"><span class='ocrx_word' id='word_1_87' title='bbox 274 1929 355 1996; x_wconf 88' lang='lat' dir='ltr'>dine</span> <span class='ocrx_word' id='word_1_88' title='bbox 374 1932 532 2016; x_wconf 90' lang='lat' dir='ltr'>rationis,</span> <span class='ocrx_word' id='word_1_89' title='bbox 549 1931 755 1998; x_wconf 91' lang='lat' dir='ltr'>intentionis</span> <span class='ocrx_word' id='word_1_90' title='bbox 775 1939 808 1997; x_wconf 94' lang='lat' dir='ltr'>et</span> <span class='ocrx_word' id='word_1_91' title='bbox 827 1931 915 1998; x_wconf 91' lang='lat' dir='ltr'>finis.</span> 
     </span>
    </p>

    <p class='ocr_par' dir='ltr' id='par_1_7' title="bbox 273 2058 1416 2273">
     <span class='ocr_line' id='line_1_14' title="bbox 362 2058 1416 2147; baseline 0 -24"><span class='ocrx_word' id='word_1_92' title='bbox 362 2058 459 2125; x_wconf 89' lang='lat' dir='ltr'>XVI.</span> <span class='ocrx_word' id='word_1_93' title='bbox 482 2059 663 2127; x_wconf 87' lang='lat' dir='ltr'>Divinatio</span> <span class='ocrx_word' id='word_1_94' title='bbox 683 2082 742 2126; x_wconf 86' lang='lat' dir='ltr'>seu</span> <span class='ocrx_word' id='word_1_95' title='bbox 760 2058 1047 2147; x_wconf 82' lang='lat' dir='ltr'>prognosticatio;</span> <span class='ocrx_word' id='word_1_96' title='bbox 1068 2058 1226 2125; x_wconf 86' lang='lat' dir='ltr'>divinare</span> <span class='ocrx_word' id='word_1_97' title='bbox 1253 2058 1345 2124; x_wconf 91' lang='lat' dir='ltr'>enim</span> <span class='ocrx_word' id='word_1_98' title='bbox 1365 2059 1416 2124; x_wconf 89' lang='lat' dir='ltr'>di·</span> 
     </span>
     <span class='ocr_line' id='line_1_15' title="bbox 273 2184 1414 2273; baseline 0.001 -23"><span class='ocrx_word' id='word_1_99' title='bbox 273 2185 364 2251; x_wconf 91' lang='lat' dir='ltr'>citur</span> <span class='ocrx_word' id='word_1_100' title='bbox 383 2185 469 2251; x_wconf 88' lang='lat' dir='ltr'>citra</span> <span class='ocrx_word' id='word_1_101' title='bbox 488 2186 657 2251; x_wconf 89' lang='lat' dir='ltr'>rationem</span> <span class='ocrx_word' id='word_1_102' title='bbox 675 2185 806 2272; x_wconf 87' lang='lat' dir='ltr'>aliquid</span> <span class='ocrx_word' id='word_1_103' title='bbox 825 2184 1032 2273; x_wconf 81' lang='lat' dir='ltr'>praedicere,</span> <span class='ocrx_word' id='word_1_104' title='bbox 1052 2185 1312 2272; x_wconf 76' lang='lat' dir='ltr'>prognosticam</span> <span class='ocrx_word' id='word_1_105' title='bbox 1332 2206 1414 2251; x_wconf 84' lang='lat' dir='ltr'>vero</span> 
     </span>
    </p>

    <p class='ocr_par' dir='ltr' id='par_1_8' title="bbox 208 2312 1416 2525">
     <span class='ocr_line' id='line_1_16' title="bbox 208 2312 1416 2401; baseline -0.001 -21"><span class='ocrx_word' id='word_1_106' title='bbox 208 2315 249 2380; x_wconf 80' lang='lat'>15</span> <span class='ocrx_word' id='word_1_107' title='bbox 273 2319 324 2378; x_wconf 88' lang='lat' dir='ltr'>est</span> <span class='ocrx_word' id='word_1_108' title='bbox 344 2313 479 2399; x_wconf 85' lang='lat' dir='ltr'>quasis</span> <span class='ocrx_word' id='word_1_109' title='bbox 498 2312 688 2400; x_wconf 85' lang='lat' dir='ltr'>longinquo</span> <span class='ocrx_word' id='word_1_110' title='bbox 708 2320 743 2379; x_wconf 91' lang='lat' dir='ltr'>et</span> <span class='ocrx_word' id='word_1_111' title='bbox 761 2314 883 2400; x_wconf 91' lang='lat' dir='ltr'>procul</span> <span class='ocrx_word' id='word_1_112' title='bbox 901 2334 1014 2396; x_wconf 89' lang='lat' dir='ltr'>nosse,</span> <span class='ocrx_word' id='word_1_113' title='bbox 1034 2318 1155 2400; x_wconf 89' lang='lat' dir='ltr'>utpote</span> <span class='ocrx_word' id='word_1_114' title='bbox 1178 2335 1249 2379; x_wconf 94' lang='lat' dir='ltr'>non</span> <span class='ocrx_word' id='word_1_115' title='bbox 1273 2336 1315 2379; x_wconf 85' lang='lat' dir='ltr'>ex</span> <span class='ocrx_word' id='word_1_116' title='bbox 1338 2335 1416 2401; x_wconf 91' lang='lat' dir='ltr'>pro·</span> 
     </span>
     <span class='ocr_line' id='line_1_17' title="bbox 273 2441 787 2525; baseline 0 -18"><span class='ocrx_word' id='word_1_117' title='bbox 273 2441 376 2508; x_wconf 79' lang='lat' dir='ltr'>xlmis</span> <span class='ocrx_word' id='word_1_118' title='bbox 396 2443 538 2525; x_wconf 73' lang='lat' dir='ltr'>caussiS,</span> <span class='ocrx_word' id='word_1_119' title='bbox 559 2442 619 2508; x_wconf 90' lang='lat' dir='ltr'>sed</span> <span class='ocrx_word' id='word_1_120' title='bbox 637 2441 787 2508; x_wconf 85' lang='lat' dir='ltr'>remotis.</span> 
     </span>
    </p>

    <p class='ocr_par' dir='ltr' id='par_1_9' title="bbox 272 2550 1513 2908">
     <span class='ocr_line' id='line_1_18' title="bbox 360 2550 1513 2655; baseline -0.002 -19"><span class='ocrx_word' id='word_1_121' title='bbox 360 2569 475 2636; x_wconf 89' lang='lat' dir='ltr'>XVII.</span> <span class='ocrx_word' id='word_1_122' title='bbox 500 2570 563 2636; x_wconf 84' lang='lat' dir='ltr'>Est</span> <span class='ocrx_word' id='word_1_123' title='bbox 582 2568 777 2652; x_wconf 88' lang='lat' dir='ltr'>consilium,</span> <span class='ocrx_word' id='word_1_124' title='bbox 797 2573 918 2655; x_wconf 87' lang='lat' dir='ltr'>utpote</span> <span class='ocrx_word' id='word_1_125' title='bbox 936 2567 1076 2634; x_wconf 88' lang='lat' dir='ltr'>habitus</span> <span class='ocrx_word' id='word_1_126' title='bbox 1093 2589 1171 2634; x_wconf 91' lang='lat' dir='ltr'>cum</span> <span class='ocrx_word' id='word_1_127' title='bbox 1186 2566 1353 2635; x_wconf 87' lang='lat' dir='ltr'>facultate</span> <span class='ocrx_word' id='word_1_128' title='bbox 1370 2568 1413 2634; x_wconf 90' lang='lat' dir='ltr'>ad</span> <span class='ocrx_word' id='word_1_129' title='bbox 1510 2550 1513 2554; x_wconf 28' lang='lat'><strong>⁴</strong></span> 
     </span>
     <span class='ocr_line' id='line_1_19' title="bbox 272 2693 1412 2780; baseline -0.001 -21"><span class='ocrx_word' id='word_1_130' title='bbox 272 2694 529 2761; x_wconf 87' lang='lat' dir='ltr'>informandum</span> <span class='ocrx_word' id='word_1_131' title='bbox 548 2694 634 2761; x_wconf 89' lang='lat' dir='ltr'>alios</span> <span class='ocrx_word' id='word_1_132' title='bbox 653 2702 688 2760; x_wconf 88' lang='lat' dir='ltr'>et</span> <span class='ocrx_word' id='word_1_133' title='bbox 705 2694 950 2780; x_wconf 87' lang='lat' dir='ltr'>regulandum,</span> <span class='ocrx_word' id='word_1_134' title='bbox 972 2715 1050 2759; x_wconf 91' lang='lat' dir='ltr'>oum</span> <span class='ocrx_word' id='word_1_135' title='bbox 1068 2699 1163 2760; x_wconf 88' lang='lat' dir='ltr'>recta</span> <span class='ocrx_word' id='word_1_136' title='bbox 1191 2693 1327 2760; x_wconf 89' lang='lat' dir='ltr'>ratione</span> <span class='ocrx_word' id='word_1_137' title='bbox 1355 2693 1412 2759; x_wconf 88' lang='lat' dir='ltr'>eli·</span> 
     </span>
     <span class='ocr_line' id='line_1_20' title="bbox 274 2820 672 2908; baseline -0.003 -22"><span class='ocrx_word' id='word_1_138' title='bbox 274 2821 379 2908; x_wconf 86' lang='lat' dir='ltr'>gendi</span> <span class='ocrx_word' id='word_1_139' title='bbox 398 2828 432 2886; x_wconf 92' lang='lat' dir='ltr'>et</span> <span class='ocrx_word' id='word_1_140' title='bbox 452 2820 672 2887; x_wconf 85' lang='lat' dir='ltr'>assentiendi.</span> 
     </span>
    </p>

    <p class='ocr_par' dir='ltr' id='par_1_10' title="bbox 206 2944 1413 3264">
     <span class='ocr_line' id='line_1_21' title="bbox 206 2944 1413 3033; baseline -0.002 -21"><span class='ocrx_word' id='word_1_141' title='bbox 206 2949 250 3012; x_wconf 68' lang='grc' dir='ltr'>ΞΟ</span> <span class='ocrx_word' id='word_1_142' title='bbox 362 2947 495 3012; x_wconf 89' lang='lat' dir='ltr'>XVIII.</span> <span class='ocrx_word' id='word_1_143' title='bbox 519 2947 582 3012; x_wconf 82' lang='lat' dir='ltr'>Est</span> <span class='ocrx_word' id='word_1_144' title='bbox 602 2945 788 3028; x_wconf 86' lang='lat' dir='ltr'>sententia,</span> <span class='ocrx_word' id='word_1_145' title='bbox 813 2953 934 3033; x_wconf 86' lang='lat' dir='ltr'>utpote</span> <span class='ocrx_word' id='word_1_146' title='bbox 958 2944 1093 3011; x_wconf 89' lang='lat' dir='ltr'>consilii</span> <span class='ocrx_word' id='word_1_147' title='bbox 1117 2944 1258 3012; x_wconf 85' lang='lat' dir='ltr'>effectus</span> <span class='ocrx_word' id='word_1_148' title='bbox 1278 2952 1313 3010; x_wconf 92' lang='lat' dir='ltr'>et</span> <span class='ocrx_word' id='word_1_149' title='bbox 1333 2945 1413 3011; x_wconf 90' lang='lat' dir='ltr'>defi-</span> 
     </span>
     <span class='ocr_line' id='line_1_22' title="bbox 272 3071 1413 3166; baseline 0.001 -28"><span class='ocrx_word' id='word_1_150' title='bbox 272 3072 445 3139; x_wconf 88' lang='lat' dir='ltr'>nitionum</span> <span class='ocrx_word' id='word_1_151' title='bbox 465 3071 605 3158; x_wconf 85' lang='lat' dir='ltr'>quidam</span> <span class='ocrx_word' id='word_1_152' title='bbox 624 3072 778 3156; x_wconf 78' lang='lat' dir='ltr'>habitus,</span> <span class='ocrx_word' id='word_1_153' title='bbox 797 3072 856 3157; x_wconf 89' lang='lat' dir='ltr'>qui</span> <span class='ocrx_word' id='word_1_154' title='bbox 873 3072 1015 3138; x_wconf 87' lang='lat' dir='ltr'>consilia</span> <span class='ocrx_word' id='word_1_155' title='bbox 1034 3072 1256 3158; x_wconf 85' lang='lat' dir='ltr'>subsequitur</span> <span class='ocrx_word' id='word_1_156' title='bbox 1272 3096 1413 3166; x_wconf 72' lang='lat' dir='ltr'>pipere-</span> 
     </span>
     <span class='ocr_line' id='line_1_23' title="bbox 272 3199 413 3264; baseline -0.014 0"><span class='ocrx_word' id='word_1_157' title='bbox 272 3199 413 3264; x_wconf 87' lang='lat' dir='ltr'>aientia.</span> 
     </span>
    </p>

    <p class='ocr_par' dir='ltr' id='par_1_11' title="bbox 360 3321 1556 3411">
     <span class='ocr_line' id='line_1_24' title="bbox 360 3321 1556 3411; baseline -0.003 -23"><span class='ocrx_word' id='word_1_158' title='bbox 360 3324 462 3390; x_wconf 89' lang='lat' dir='ltr'>XIX.</span> <span class='ocrx_word' id='word_1_159' title='bbox 487 3325 550 3391; x_wconf 84' lang='lat' dir='ltr'>Est</span> <span class='ocrx_word' id='word_1_160' title='bbox 569 3323 795 3411; x_wconf 82' lang='lat' dir='ltr'>experientia,</span> <span class='ocrx_word' id='word_1_161' title='bbox 814 3329 935 3410; x_wconf 91' lang='lat' dir='ltr'>utpote</span> <span class='ocrx_word' id='word_1_162' title='bbox 950 3322 1105 3389; x_wconf 91' lang='lat' dir='ltr'>collectio</span> <span class='ocrx_word' id='word_1_163' title='bbox 1125 3322 1314 3388; x_wconf 90' lang='lat' dir='ltr'>multorum</span> <span class='ocrx_word' id='word_1_164' title='bbox 1332 3345 1413 3409; x_wconf 83' lang='lat' dir='ltr'>par·</span> <span class='ocrx_word' id='word_1_165' title='bbox 1441 3321 1556 3385; x_wconf 66' lang='lat'>160¹*</span> 
     </span>
    </p>
   </div>
   <div class='ocr_carea' id='block_1_3' title="bbox 272 3447 1412 3535">
    <p class='ocr_par' dir='ltr' id='par_1_12' title="bbox 272 3447 1412 3535">
     <span class='ocr_line' id='line_1_25' title="bbox 272 3447 1412 3535; baseline -0.001 -20"><span class='ocrx_word' id='word_1_166' title='bbox 272 3451 469 3517; x_wconf 88' lang='lat' dir='ltr'>ticularium</span> <span class='ocrx_word' id='word_1_167' title='bbox 488 3459 522 3516; x_wconf 93' lang='lat' dir='ltr'>et</span> <span class='ocrx_word' id='word_1_168' title='bbox 542 3451 797 3532; x_wconf 78' lang='lat' dir='ltr'>exercitiorum3</span> <span class='ocrx_word' id='word_1_169' title='bbox 817 3448 907 3515; x_wconf 87' lang='lat' dir='ltr'>unde</span> <span class='ocrx_word' id='word_1_170' title='bbox 927 3448 1168 3515; x_wconf 86' lang='lat' dir='ltr'>inductionum</span> <span class='ocrx_word' id='word_1_171' title='bbox 1187 3456 1221 3514; x_wconf 89' lang='lat' dir='ltr'>et</span> <span class='ocrx_word' id='word_1_172' title='bbox 1241 3447 1412 3535; x_wconf 89' lang='lat' dir='ltr'>exemplo-</span> 
     </span>
    </p>
   </div>
   <div class='ocr_carea' id='block_1_4' title="bbox 184 3575 866 3661">
    <p class='ocr_par' dir='ltr' id='par_1_13' title="bbox 184 3575 866 3661">
     <span class='ocr_line' id='line_1_26' title="bbox 184 3575 866 3661; baseline -0.012 -14"><span class='ocrx_word' id='word_1_173' title='bbox 184 3584 247 3647; x_wconf 80' lang='lat'>&#39;25</span> <span class='ocrx_word' id='word_1_174' title='bbox 271 3598 348 3642; x_wconf 88' lang='lat' dir='ltr'>rum</span> <span class='ocrx_word' id='word_1_175' title='bbox 367 3575 550 3641; x_wconf 86' lang='lat' dir='ltr'>ratiocinia</span> <span class='ocrx_word' id='word_1_176' title='bbox 570 3575 692 3640; x_wconf 88' lang='lat' dir='ltr'>deduci</span> <span class='ocrx_word' id='word_1_177' title='bbox 711 3583 866 3661; x_wconf 83' lang='lat' dir='ltr'>possunt.</span> 
     </span>
    </p>
   </div>
   <div class='ocr_carea' id='block_1_5' title="bbox 271 3685 1415 4166">
    <p class='ocr_par' dir='ltr' id='par_1_14' title="bbox 271 3685 1415 4037">
     <span class='ocr_line' id='line_1_27' title="bbox 360 3685 1415 3787; baseline -0.004 -20"><span class='ocrx_word' id='word_1_178' title='bbox 360 3702 443 3767; x_wconf 91' lang='lat' dir='ltr'>XX.</span> <span class='ocrx_word' id='word_1_179' title='bbox 468 3701 585 3785; x_wconf 84' lang='lat' dir='ltr'>Fides,</span> <span class='ocrx_word' id='word_1_180' title='bbox 606 3685 694 3787; x_wconf 87' lang='lat' dir='ltr'>quae</span> <span class='ocrx_word' id='word_1_181' title='bbox 712 3724 794 3766; x_wconf 89' lang='lat' dir='ltr'>sane</span> <span class='ocrx_word' id='word_1_182' title='bbox 817 3722 886 3766; x_wconf 89' lang='lat' dir='ltr'>non</span> <span class='ocrx_word' id='word_1_183' title='bbox 906 3698 1054 3765; x_wconf 86' lang='lat' dir='ltr'>sumitur</span> <span class='ocrx_word' id='word_1_184' title='bbox 1077 3721 1140 3786; x_wconf 91' lang='lat' dir='ltr'>pro</span> <span class='ocrx_word' id='word_1_185' title='bbox 1158 3700 1334 3786; x_wconf 89' lang='lat' dir='ltr'>potentia,</span> <span class='ocrx_word' id='word_1_186' title='bbox 1355 3698 1415 3764; x_wconf 87' lang='lat' dir='ltr'>sed</span> 
     </span>
     <span class='ocr_line' id='line_1_28' title="bbox 271 3824 1415 3915; baseline -0.003 -23"><span class='ocrx_word' id='word_1_187' title='bbox 271 3850 333 3915; x_wconf 91' lang='lat' dir='ltr'>pro</span> <span class='ocrx_word' id='word_1_188' title='bbox 352 3828 488 3912; x_wconf 89' lang='lat' dir='ltr'>habitu,</span> <span class='ocrx_word' id='word_1_189' title='bbox 512 3827 570 3912; x_wconf 87' lang='lat' dir='ltr'>qui</span> <span class='ocrx_word' id='word_1_190' title='bbox 590 3833 641 3892; x_wconf 86' lang='lat' dir='ltr'>est</span> <span class='ocrx_word' id='word_1_191' title='bbox 670 3849 826 3893; x_wconf 85' lang='lat' dir='ltr'>assensus</span> <span class='ocrx_word' id='word_1_192' title='bbox 856 3824 1044 3890; x_wconf 80' lang='lat' dir='ltr'>offirmatus</span> <span class='ocrx_word' id='word_1_193' title='bbox 1073 3846 1284 3910; x_wconf 84' lang='lat' dir='ltr'>consequens</span> <span class='ocrx_word' id='word_1_194' title='bbox 1316 3847 1415 3911; x_wconf 82' lang='lat' dir='ltr'>expe-</span> 
     </span>
     <span class='ocr_line' id='line_1_29' title="bbox 271 3950 1315 4037; baseline -0.003 -20"><span class='ocrx_word' id='word_1_195' title='bbox 271 3953 452 4037; x_wconf 84' lang='lat' dir='ltr'>rientiam,</span> <span class='ocrx_word' id='word_1_196' title='bbox 473 3952 699 4037; x_wconf 85' lang='lat' dir='ltr'>sententiam,</span> <span class='ocrx_word' id='word_1_197' title='bbox 720 3952 901 4017; x_wconf 87' lang='lat' dir='ltr'>consilium</span> <span class='ocrx_word' id='word_1_198' title='bbox 920 3958 955 4016; x_wconf 89' lang='lat' dir='ltr'>et</span> <span class='ocrx_word' id='word_1_199' title='bbox 974 3957 1108 4016; x_wconf 87' lang='lat' dir='ltr'>caetera</span> <span class='ocrx_word' id='word_1_200' title='bbox 1128 3950 1315 4036; x_wconf 88' lang='lat' dir='ltr'>praedicta.</span> 
     </span>
    </p>

    <p class='ocr_par' dir='ltr' id='par_1_15' title="bbox 359 4075 1413 4166">
     <span class='ocr_line' id='line_1_30' title="bbox 359 4075 1413 4166; baseline -0.004 -23"><span class='ocrx_word' id='word_1_201' title='bbox 359 4079 461 4144; x_wconf 89' lang='lat' dir='ltr'>XXI.</span> <span class='ocrx_word' id='word_1_202' title='bbox 482 4078 690 4166; x_wconf 85' lang='lat' dir='ltr'>Disciplina,</span> <span class='ocrx_word' id='word_1_203' title='bbox 710 4084 830 4165; x_wconf 88' lang='lat' dir='ltr'>utpote</span> <span class='ocrx_word' id='word_1_204' title='bbox 853 4075 1004 4160; x_wconf 89' lang='lat' dir='ltr'>habitus,</span> <span class='ocrx_word' id='word_1_205' title='bbox 1032 4075 1093 4161; x_wconf 88' lang='lat' dir='ltr'>qui</span> <span class='ocrx_word' id='word_1_206' title='bbox 1120 4099 1183 4163; x_wconf 88' lang='lat' dir='ltr'>per</span> <span class='ocrx_word' id='word_1_207' title='bbox 1211 4099 1283 4142; x_wconf 86' lang='lat' dir='ltr'>esse</span> <span class='ocrx_word' id='word_1_208' title='bbox 1313 4075 1413 4140; x_wconf 87' lang='lat' dir='ltr'>disci·</span> 
     </span>
    </p>
   </div>
   <div class='ocr_carea' id='block_1_6' title="bbox 362 4328 1413 4443">
    <p class='ocr_par' dir='ltr' id='par_1_16' title="bbox 362 4328 1413 4443">
     <span class='ocr_line' id='line_1_31' title="bbox 362 4328 1413 4443; baseline -0.001 -15"><span class='ocrx_word' id='word_1_209' title='bbox 362 4380 386 4429; x_wconf 78' lang='lat'>4.</span> <span class='ocrx_word' id='word_1_210' title='bbox 397 4381 411 4429; x_wconf 85' lang='lat'>5</span> <span class='ocrx_word' id='word_1_211' title='bbox 423 4330 575 4430; x_wconf 83' lang='lat' dir='ltr'>veritatein</span> <span class='ocrx_word' id='word_1_212' title='bbox 587 4377 728 4428; x_wconf 86' lang='lat' dir='ltr'>adnititur</span> <span class='ocrx_word' id='word_1_213' title='bbox 742 4328 858 4427; x_wconf 67' lang='lat' dir='ltr'>hibitus</span> <span class='ocrx_word' id='word_1_214' title='bbox 873 4376 896 4426; x_wconf 84' lang='grc' dir='ltr'><strong><em>Α</em></strong></span> <span class='ocrx_word' id='word_1_215' title='bbox 959 4378 976 4426; x_wconf 83' lang='lat'>8</span> <span class='ocrx_word' id='word_1_216' title='bbox 987 4376 1161 4428; x_wconf 71' lang='lat' dir='ltr'>nocumentis</span> <span class='ocrx_word' id='word_1_217' title='bbox 1173 4378 1195 4426; x_wconf 81' lang='lat' dir='ltr'><strong><em>A</em></strong></span> <span class='ocrx_word' id='word_1_218' title='bbox 1261 4377 1284 4427; x_wconf 85' lang='grc'>9.</span> <span class='ocrx_word' id='word_1_219' title='bbox 1296 4376 1326 4428; x_wconf 91' lang='grc'>10</span> <span class='ocrx_word' id='word_1_220' title='bbox 1335 4391 1413 4443; x_wconf 85' lang='lat' dir='ltr'>praa·</span> 
     </span>
    </p>
   </div>
   <div class='ocr_carea' id='block_1_7' title="bbox 270 4457 1265 4527">
    <p class='ocr_par' dir='ltr' id='par_1_17' title="bbox 270 4457 1265 4527">
     <span class='ocr_line' id='line_1_32' title="bbox 270 4457 1265 4527; baseline -0.004 -15"><span class='ocrx_word' id='word_1_221' title='bbox 270 4460 395 4527; x_wconf 84' lang='lat' dir='ltr'>sumptio</span> <span class='ocrx_word' id='word_1_222' title='bbox 408 4461 440 4510; x_wconf 87' lang='lat' dir='ltr'><em>M</em></span> <span class='ocrx_word' id='word_1_223' title='bbox 485 4460 517 4510; x_wconf 75' lang='lat'>‘28</span> <span class='ocrx_word' id='word_1_224' title='bbox 535 4458 686 4510; x_wconf 81' lang='lat' dir='ltr'>consilium</span> <span class='ocrx_word' id='word_1_225' title='bbox 701 4467 754 4509; x_wconf 86' lang='lat' dir='ltr'>etc.</span> <span class='ocrx_word' id='word_1_226' title='bbox 773 4457 869 4522; x_wconf 82' lang='lat' dir='ltr'>pdicat</span> <span class='ocrx_word' id='word_1_227' title='bbox 881 4457 941 4523; x_wconf 77' lang='lat' dir='ltr'>(sic)</span> <span class='ocrx_word' id='word_1_228' title='bbox 957 4458 994 4507; x_wconf 78' lang='lat' dir='ltr'>A:</span> <span class='ocrx_word' id='word_1_229' title='bbox 1010 4458 1157 4523; x_wconf 85' lang='lat' dir='ltr'>praedicta</span> <span class='ocrx_word' id='word_1_230' title='bbox 1169 4474 1219 4508; x_wconf 75' lang='lat' dir='ltr'>ona</span> <span class='ocrx_word' id='word_1_231' title='bbox 1233 4457 1265 4508; x_wconf 88' lang='grc' dir='ltr'><em>Μ</em></span> 
     </span>
    </p>
   </div>
   <div class='ocr_carea' id='block_1_8' title="bbox 0 0 1748 5108">
    <p class='ocr_par' dir='ltr' id='par_1_18' title="bbox 0 0 1748 5108">
     <span class='ocr_line' id='line_1_33' title="bbox 0 0 1748 5108; baseline 0 4"><span class='ocrx_word' id='word_1_232' title='bbox 0 0 1748 5108; x_wconf 95' lang='lat' dir='ltr'> </span> 
     </span>
    </p>
   </div>
  </div>
 </body>
</html>
