3488 5108
671 428 801 474 murus
820 427 979 476 mmmm
1001 428 1207 474 srurvnnvn.
1469 414 1509 472 89

455 586 595 653 XXIX.
621 587 721 666 Quod
740 587 880 655 divinus
899 587 1016 654 divine
1036 597 1198 676 operatur
1213 597 1247 655 et
1266 589 1386 656 divina
1406 611 1511 676 opera

366 715 441 782 Iovi
470 714 704 798 administrat,
729 715 903 802 significat
933 715 1103 782 rationem
1128 715 1258 782 formae
1284 723 1319 780 et
1342 715 1510 782 essentiae

366 840 529 927 consequi
548 841 718 907 rationem
736 841 894 924 virtutis,
914 840 1002 907 hanc
1019 847 1134 907 antem
1153 840 1323 907 rationem
1343 841 1510 929 operatio-

365 966 437 1050 nis;
457 966 729 1052 unumquodque
745 967 837 1033 enim
855 966 946 1054 quod
965 974 1030 1049 est,
1047 967 1100 1033 uti
1118 973 1246 1054 potest,
1263 967 1313 1032 ita
1330 975 1506 1055 operatur;

321 1083 342 1148 5
365 1091 513 1159 formam
531 1092 625 1159 enim
644 1114 732 1179 quae
755 1099 807 1159 est
827 1093 1022 1158 substantia
1041 1093 1198 1179 sequitur
1218 1093 1330 1159 forma
1349 1116 1436 1180 quae
1456 1099 1507 1160 est

364 1218 491 1300 virtus,
510 1223 545 1281 et
562 1217 652 1283 hanc
671 1217 893 1303 consequitur
910 1216 1021 1283 forma
1041 1240 1128 1304 qnae
1147 1227 1199 1285 est
1217 1219 1318 1284 actio.

453 1341 575 1407 XXX.
599 1342 697 1429 Ignis
716 1342 864 1408 Vulcani
884 1364 1019 1430 semper
1037 1342 1239 1409 adustibilia
1262 1343 1508 1431 concupiscens

365 1466 539 1553 significat
564 1469 746 1556 appulsum
771 1466 903 1534 formae
926 1469 1096 1535 naturalis
1119 1468 1162 1534 ad
1188 1468 1384 1549 materiam,
1404 1490 1508 1554 quam

367 1596 475 1680 [quae]
493 1600 604 1661 totam
623 1592 806 1660 absorbere
829 1594 1062 1681 concupiscit,
1087 1594 1176 1660 siout
1199 1594 1292 1681 ignis
1310 1593 1417 1659 vellet
1440 1616 1509 1659 om·

299 1716 343 1781 10
364 1719 423 1785 nia
441 1719 479 1784 in
498 1719 659 1806 seipsum
676 1726 887 1804 convertere,
904 1719 954 1785 ita
968 1726 1003 1784 et
1022 1718 1134 1785 omnis
1149 1719 1260 1785 forma
1277 1719 1315 1785 in
1327 1741 1424 1786 suam
1436 1742 1510 1807 spe·

364 1844 451 1910 ciem
470 1852 505 1910 et
524 1843 788 1910 similitudinem
807 1844 911 1910 vellet
930 1845 1047 1911 omnia
1066 1845 1325 1926 transformare,
1347 1843 1509 1931 quemad·

364 1969 504 2036 modum
522 1993 540 2035 e
560 1978 681 2036 contra
701 1970 845 2035 materia
863 1971 1058 2057 peremnia
1077 1968 1221 2037 formari
1241 1970 1464 2057 concupiscit.

453 2094 496 2161 In
515 2094 640 2181 quibus
661 2096 821 2162 omnibus
837 2095 995 2162 ordinate
1014 2095 1241 2183 contemplari
1260 2095 1342 2161 licet
1357 2094 1507 2161 Vulcani

363 2243 487 2308 gedue,
512 2220 680 2306 indolem,
709 2221 900 2306 fortunam,
932 2222 1117 2305 connubia,
1149 2222 1311 2304 officium,
1337 2220 1508 2287 inventio·

298 2350 341 2415 15
363 2369 456 2430 nem,
477 2354 599 2429 artem,
616 2348 744 2431 locum,
763 2369 877 2434 opera,
897 2345 1127 2430 affectionem,
1145 2346 1344 2433 degentiam
1363 2368 1422 2412 seu
1439 2345 1507 2411 oul-

362 2478 450 2554 tum,
471 2468 618 2560 copiam,
641 2473 645 2561 Ι
671 2472 851 2557 ultionem,
870 2493 1102 2559 progressum,
1127 2472 1373 2554 instrumenta,
1396 2470 1506 2536 nutri·
1531 2467 1646 2530 137¹·

362 2604 533 2682 mentum,
569 2597 790 2681 elementum,
822 2598 938 2684 iugem
970 2597 1218 2685 operationem,
1233 2596 1506 2677 ‚indeficientem

361 2721 527 2787 virtutem
547 2729 582 2788 et
600 2723 733 2788 nobiles
752 2721 903 2788 effectus.
924 2723 1024 2790 Unde
1044 2724 1125 2789 licet
1143 2722 1332 2790 secundum
1351 2722 1503 2788 diversas

361 2847 513 2914 rationes
543 2848 686 2915 definire
718 2848 884 2931 formam3
910 2872 973 2914 noc
1004 2849 1113 2915 solum
1143 2872 1228 2937 opus
1258 2848 1445 2914 definiendi
1469 2854 1503 2913 et

294 2972 340 3036 20
361 2971 600 3060 distinguendi
624 2973 704 3039 huic
723 2981 858 3040 statuae
882 2981 934 3039 est
957 2974 1144 3061 peculiare,
1169 2974 1228 3040 scd
1248 2981 1282 3038 et
1307 2996 1392 3061 opus
1411 2974 1504 3038 inve·

361 3098 480 3164 niendi
500 3121 578 3164 cum
601 3099 696 3165 illius
720 3099 856 3166 officina
881 3121 1060 3165 commune
1083 3099 1197 3164 habet.
1222 3097 1286 3164 Est
1309 3099 1401 3164 enim
1421 3099 1503 3165 ordo

361 3224 628 3294 considerandae
659 3229 709 3294 rei
739 3236 773 3293 et
792 3227 1055 3316 perpendendae
1085 3250 1155 3295 non
1176 3229 1276 3294 modo
1307 3228 1503 3315 significate

359 3352 539 3418 lustrando
562 3351 706 3435 formae,
727 3376 847 3419 verum
875 3353 980 3420 etiam
1008 3354 1107 3420 iuxta
1130 3355 1343 3441 propositam
1372 3355 1503 3421 metho-

361 3477 443 3544 dum
467 3479 504 3544 in
522 3478 616 3544 hisce
635 3479 844 3545 enumeratis
864 3479 1130 3545 conditionibus.

452 3798 465 3844 1
483 3794 603 3862 ΧΧΙΧ.]
618 3795 724 3847 Ultimo
743 3795 784 3860 M,
799 3796 864 3845 doro
880 3796 899 3845 l'
909 3794 1022 3846 articulo
1033 3796 1189 3859 precedente
1206 3796 1243 3846 Ιια
1259 3793 1281 3846 il
1293 3810 1401 3846 nunrcro
1418 3795 1504 3848 XXX

361 3874 406 3939 (rs.
422 3869 477 3938 o'p.
491 3875 535 3935 85,
548 3877 593 3938 20)
609 3892 621 3924 e
637 3876 659 3925 ic
674 3892 698 3925 υ.
715 3877 730 3924 7
744 3876 773 3925 di
789 3881 881 3940 questa
891 3875 998 3942 popina
1014 3893 1067 3926 nou
1086 3877 1122 3927 Ιια
1140 3893 1250 3926 nurnero
1314 3881 1450 3939 oporatur
1467 3877 1503 3925 si·

359 3954 479 4017 gnificat
499 3961 528 4004 et
543 3954 578 4003 Αί
642 3956 749 4006 tanim
768 3963 800 4006 ut
817 3964 863 4006 cat
888 3959 928 4006 ita
946 3963 1054 4022 potest,
1079 3963 1111 4007 ut
1137 3963 1233 4022 potest
1254 3956 1295 4005 ita
1316 3963 1452 4021 operetur
1473 3956 1506 4006 Μ

359 4037 463 4101 9quae
480 4037 518 4086 A:
537 4051 667 4102 quaeque
688 4035 729 4085 M:
756 4037 781 4086 lo
803 4035 925 4086 abbiamo
946 4038 1091 4088 cancellato
1172 4038 1233 4086 120
1256 4041 1320 4100 (vion
1341 4035 1444 4100 citiore)
1462 4039 1500 4086 A:

361 4122 390 4164 et
402 4115 434 4165 Μ
496 4117 534 4166 15.
546 4119 576 4167 16
592 4115 783 4167 Affectionem
800 4132 852 4167 scu
866 4118 995 4181 Cultum,
1014 4118 1144 4183 (lupiani,
1159 4117 1303 4169 Ultionom
1321 4115 1351 4165 M
1413 4117 1444 4167 ‘24
1461 4117 1500 4176 inl

360 4194 432 4260 eins,
448 4212 466 4245 o
482 4203 581 4260 quanto
593 4197 710 4257 seniora,
726 4199 759 4246 :ll

493 4588 569 4629 Bcum
586 4589 640 4637 opp.
656 4588 695 4627 lat.
712 4587 754 4628 111.
