3488 5108
574 409 704 454 inuras
724 410 885 456 rarorum
906 408 1112 455 errrvravrr.
1374 392 1416 453 59

271 562 363 627 enim
383 562 459 628 idea
477 561 683 649 intelligunt
701 588 773 630 esse
792 565 944 631 animam
964 564 1085 632 mundi
1108 573 1142 631 et
1161 566 1314 631 animam
1333 565 1415 632 alio·

274 708 360 752 runr.
381 686 481 754 Unde
509 711 580 753 non
607 688 752 755 credunt
772 690 944 756 Platonici
972 690 1124 755 animam
1154 689 1414 777 particularium

274 811 477 879 animalium
506 835 578 878 esso
608 822 742 900 partem
771 814 906 880 animae
936 815 1105 899 universi,
1141 822 1261 901 utpote
1290 814 1415 901 impar·

274 937 400 1017 tibilis;
420 936 520 1003 nobis
539 939 673 1004 veroin
691 940 965 1026 praesentiarum
983 949 1057 1007 esto
1073 940 1232 1025 dubium,
1253 940 1413 1026 quamvis

228 1070 249 1133 5
273 1062 384 1149 magis
403 1063 447 1128 ad
465 1063 555 1129 hanc
575 1086 679 1151 quam
698 1065 742 1131 ad
761 1065 857 1133 illam
876 1074 1010 1152 partem
1029 1066 1247 1132 inclinemus.

362 1187 484 1253 XXII.
505 1188 592 1256 Cum
611 1190 756 1256 materia
774 1190 820 1256 sit
837 1213 957 1257 caussa
973 1190 1209 1257 multitudinis
1225 1198 1260 1255 et
1276 1189 1415 1256 divisio·
1443 1184 1570 1248 124v

274 1311 346 1395 nis,
376 1313 487 1379 forma
525 1336 607 1380 vero
639 1315 802 1400 unitatis,
835 1316 981 1382 dicimus
1015 1315 1187 1403 fulgorem
1218 1315 1415 1383 divinitatis

274 1437 436 1524 spiritum
456 1462 529 1505 esse
552 1462 614 1527 per
632 1462 668 1506 se
685 1462 794 1507 unum
822 1448 856 1506 et
875 1441 987 1507 facere
1012 1464 1119 1507 unum
1144 1440 1201 1524 (ab
1225 1463 1293 1506 uno
1323 1440 1416 1506 enim

273 1563 461 1630 secundum
477 1563 569 1651 quod
586 1587 694 1632 unum
709 1588 778 1631 non
794 1566 951 1653 procedit
965 1566 1033 1632 nisi
1050 1571 1185 1652 unum),
1203 1573 1320 1633 tamen
1338 1565 1419 1652 quia

209 1693 252 1758 10
274 1697 340 1772 est,
361 1700 523 1778 oporatur
543 1690 579 1756 in
600 1692 760 1757 universo
780 1697 920 1758 extento
940 1699 974 1758 et
991 1692 1176 1778 materiali,
1194 1714 1263 1777 qno
1279 1690 1418 1777 quidem

274 1814 480 1881 divisionem
499 1816 687 1904 recipiente
711 1828 745 1883 ot
764 1818 801 1883 in
828 1818 982 1906 partium
1001 1817 1328 1906 multiplicationem
1347 1838 1418 1882 ma·

273 1942 397 2008 teriam
427 1942 657 2009 distribuente
685 1943 811 2009 accidit
835 1943 1037 2027 multitude,
1061 1950 1100 2010 ut
1127 1967 1167 2010 ea
1190 1945 1306 2010 anima
1330 1964 1417 2029 quae

274 2067 311 2133 in
330 2075 404 2133 toto
424 2076 498 2135 tota
517 2075 552 2134 et
571 2069 608 2134 in
627 2091 697 2135 uno
717 2092 785 2136 una
805 2069 1001 2164 videbatur,
1019 2069 1102 2151 iam,
1123 2069 1160 2134 in
1179 2069 1289 2136 multa
1306 2068 1416 2135 veluti

274 2191 469 2279 fragmenta
489 2194 654 2259 distracto
674 2216 816 2282 corpore
844 2194 934 2260 etin
958 2193 1111 2260 diversas
1135 2193 1337 2281 hypostases
1356 2216 1420 2259 nu·

208 2326 250 2391 15
273 2319 418 2384 merales
448 2319 693 2405 multiplicato,
722 2320 852 2387 multae
881 2321 971 2385 fiunt
1001 2320 1150 2404 animae,
1182 2318 1273 2385 sicut
1303 2319 1414 2385 multa

273 2452 354 2510 sunt
378 2444 545 2528 subiecta,
571 2451 604 2510 et
625 2445 770 2510 totidem
792 2444 1030 2531 producuntur
1062 2444 1241 2527 animalia,
1271 2444 1327 2510 vol
1353 2444 1417 2511 sal-

271 2578 342 2637 tem
366 2571 592 2637 nihilominus
627 2571 781 2637 animata
811 2593 971 2658 corpora,
996 2571 1155 2657 quamvis
1189 2593 1259 2637 non
1283 2570 1415 2657 ubique

273 2697 390 2763 anima
413 2697 560 2785 speciem
585 2697 743 2782 viresque
767 2719 846 2762 suas
873 2704 1003 2780 exerat,
1030 2697 1122 2763 unde
1146 2696 1314 2782 quaedam
1338 2696 1413 2763 sine

274 2824 389 2889 anima
401 2846 421 2888 a
434 2821 640 2908 quibusdam
656 2821 862 2888 iudicantur.
879 2822 978 2900 Quod
990 2822 1041 2886 ita
1053 2822 1161 2887 ferme
1174 2830 1239 2904 est,
1255 2822 1416 2907 quemad·

207 2960 252 3023 20
273 2948 429 3031 modum,
461 2947 490 3012 si
516 2969 605 3013 unus
636 2946 682 3012 sit
709 2946 759 3012 sol
790 2954 825 3011 et
853 2970 960 3013 unum
991 2947 1195 3012 continuum
1223 2947 1414 3034 speculum,

273 3073 310 3139 in
330 3081 402 3139 toto
422 3072 482 3138 illo
502 3095 610 3152 unum
629 3072 734 3138 solem
752 3069 871 3137 licebit
901 3072 1144 3159 contemplari;
1164 3070 1257 3158 quod
1282 3071 1310 3137 si
1329 3072 1417 3137 acci·

273 3200 333 3265 dat
356 3199 532 3287 speculum
557 3197 643 3264 illud
666 3197 838 3285 perfringi
857 3210 892 3263 et
909 3198 974 3287 (in)
993 3198 1263 3264 innumerabiles
1286 3198 1414 3285 portio-

273 3349 333 3391 nes
351 3324 593 3412 multiplicari,
614 3323 651 3388 in
670 3323 830 3388 omnibus
850 3323 1067 3410 portionibus
1083 3332 1193 3389 totam
1217 3346 1412 3410 repraesen-

273 3451 341 3515 tari
360 3450 554 3516 videbimus
577 3456 612 3515 et
635 3449 808 3536 integram
837 3449 918 3514 solis
947 3448 1109 3535 effigiem,
1138 3449 1176 3514 in
1206 3449 1415 3535 quibusdam

205 3593 250 3656 25
274 3599 353 3643 vero
384 3577 589 3664 fragmentis
613 3577 668 3642 vel
696 3585 839 3664 propter
869 3574 1096 3662 exiguitatem
1124 3577 1180 3641 vel
1199 3583 1341 3663 propter
1364 3576 1416 3641 in·

273 3703 493 3790 figurationis
520 3702 821 3790 indispositioncm
850 3700 982 3785 aliquid
1012 3700 1194 3767 confusum
1221 3702 1276 3767 vel
1306 3724 1415 3790 propo

274 3829 361 3896 nihil
381 3829 422 3894 de
442 3828 502 3894 illa
521 3830 632 3894 forma
655 3827 843 3894 universali
866 3826 1063 3914 apparebit,
1093 3849 1170 3892 curn
1190 3834 1306 3892 tamen
1325 3827 1415 3892 nihi·

275 4000 330 4009 --
732 3995 876 4002 ———.

366 4098 397 4147 10
412 4102 457 4146 est
471 4101 620 4159 operatur,
635 4091 726 4142 scritto
738 4091 766 4141 ia
777 4090 853 4139 modo
868 4090 914 4138 clm
925 4088 947 4139 il
958 4089 1040 4155 taylio
1050 4089 1118 4155 ‹lelp
1133 4092 1174 4153 (z
1183 4090 1243 4154 per)
1259 4089 1372 4139 oblitera
1386 4091 1416 4140 ἑτι

272 4180 391 4246 portata
405 4175 547 4225 ‹tesirrenza
559 4190 606 4237 ur,
623 4176 663 4222 A:
680 4178 724 4223 ost
735 4177 867 4237 operator
883 4170 915 4220 M
977 4173 1007 4221 12
1024 4169 1245 4221 distribuentem
1260 4169 1297 4233 A,
1311 4171 1376 4220 dove
1388 4171 1416 4220 lo

271 4262 375 4328 parole
384 4258 541 4326 precedente
554 4251 634 4322 (mta)
651 4255 790 4304 &carrera
840 4253 868 4302 13
884 4251 954 4316 dopo
961 4253 1020 4317 jam
1030 4252 1149 4302 caracalla
1157 4251 1207 4302 due
1218 4269 1233 4301 o
1246 4258 1286 4302 tre
1295 4252 1382 4303 lettere
1391 4252 1416 4304 A

276 4398 313 4448 16.
325 4399 354 4447 17
371 4347 472 4445 saltein
495 4392 621 4442 animata
636 4404 756 4453 corpora
778 4340 965 4438 riihilorninus
983 4389 1006 4437 A
1058 4390 1088 4436 18
1105 4387 1214 4452 species
1235 4386 1267 4437 M
1317 4388 1349 4438 21
1367 4386 1417 4439 illo

275 4477 417 4546 (speculo)
437 4475 470 4524 M
530 4474 562 4523 ⁴22
580 4472 608 4522 in
630 4489 678 4521 ont.
701 4474 725 4522 A
793 4470 873 4520 mm
891 4468 1074 4533 figurationis
1096 4466 1420 4533 dopolacorrezioncdf
