3488 5108
661 418 791 464 LAMPAS
811 418 970 469 'caraman
992 417 1198 463 STATVARVM.

357 577 401 643 In
419 582 577 664 separato
822 576 864 641 ln
883 576 1056 644 abstracto
1134 574 1176 639 In
1194 579 1353 639 concreto

358 703 577 772 Affirmative
821 700 1026 769 Dubitative
1134 699 1305 786 Negativc

358 829 552 898 Iudicative
821 828 1004 896 Inventive
1134 826 1344 913 Inquisitive

357 956 401 1022 In
418 936 653 1044 praecognitis
822 955 864 1019 In
882 953 1080 1042 praemissis
1134 954 1175 1019 In
1195 952 1416 1020 conclusione

314 1088 335 1153 ὃ
359 1081 481 1160 Quoad
493 1082 535 1148 de
547 1102 614 1167 quo
627 1079 754 1146 dicitur
824 1078 945 1157 Quoad
960 1079 1111 1144 medium
1134 1078 1256 1156 Quoad
1268 1078 1360 1166 quod
1374 1077 1505 1145 dicitur

360 1207 403 1272 In
420 1205 596 1274 evidentia
824 1205 867 1270 In
886 1202 1095 1272 revelatione
1133 1203 1176 1269 In
1195 1203 1313 1270 studio

359 1331 635 1420 Intelligibiliter
825 1328 1058 1397 Rationaliter
1137 1327 1357 1396 Sensibiliter

359 1458 403 1523 In
422 1458 575 1525 subiecto
595 1457 680 1523 reali
824 1456 866 1520 In
887 1454 1081 1523 intentione
1136 1454 1179 1520 In
1196 1477 1282 1522 voce

360 1584 403 1650 In
418 1583 567 1650 veritato
583 1582 797 1670 incomplexe
825 1580 1091 1649 Enunciationis
1136 1580 1473 1668 Argumentationis.

296 1851 338 1915 10
452 1840 552 1920 Quod
570 1841 613 1908 ad
631 1841 783 1929 primum
802 1841 1009 1925 membrum,
1028 1839 1251 1919 manifestum
1271 1846 1323 1905 est
1341 1838 1505 1927 perfecte,

360 1966 561 2055 imperfecte
585 1975 619 2032 ct
643 1966 828 2054 sophistice
852 1965 984 2052 aliquid
1008 1965 1177 2053 cognosci.
1203 1964 1303 2043 Quod
1328 1964 1373 2031 ad
1391 1988 1509 2031 secun·

360 2093 456 2179 dum,
481 2100 580 2180 patet
599 2092 727 2180 triplex
746 2092 974 2179 cognoscendi
995 2091 1124 2163 modus.
1149 2090 1248 2170 Quod
1277 2091 1320 2157 ad
1351 2091 1506 2175 tertium,

360 2229 413 2286 est
428 2219 581 2306 cognitio
600 2219 744 2306 triplex:
765 2218 953 2285 secundum
972 2218 1224 2302 necessitatem,
1245 2215 1433 2284 secundum
1452 2238 1510 2282 vc-

362 2345 501 2412 ritatem
522 2353 557 2411 et
576 2345 763 2412 secundum
783 2345 1032 2434 apparentiam.
1059 2344 1157 2422 Quod
1181 2343 1224 2409 ad
1244 2350 1423 2430 quartum,
1455 2349 1508 2409 est

300 2482 341 2547 15
365 2470 447 2538 crdo
477 2472 515 2537 in
546 2471 795 2558 cognoscenda,
820 2469 1040 2558 attingenda
1061 2468 1284 2557 adaequando
1304 2469 1453 2559 speciem
1472 2476 1508 2535 et

361 2597 607 2686 exsuperando.
623 2597 723 2676 Quod
739 2598 783 2662 ad
799 2597 974 2684 quintum,
987 2603 1084 2684 patet
1100 2595 1296 2662 differentia
1313 2595 1406 2661 inter
1421 2617 1506 2679 rem,

358 2724 412 2803 rei
430 2723 618 2809 imaginem
634 2731 667 2789 et
684 2722 733 2789 rei
750 2723 898 2810 signum.
912 2722 1010 2800 Quod
1026 2722 1068 2788 ad
1089 2723 1095 2810 l
1115 2728 1264 2802 sextum,
1284 2720 1507 2786 manifestum
1532 2724 1649 2788 186P

362 2856 413 2913 est
432 2848 588 2914 ordinem
608 2871 693 2932 esse,
713 2856 753 2914 ut
772 2848 925 2935 cognitio
945 2847 992 2914 sit
1010 2845 1124 2913 media
1148 2846 1239 2913 inter
1257 2852 1373 2912 actum
1398 2845 1447 2911 rei
1473 2852 1508 2910 et

362 2974 557 3062 appetitum
581 2974 685 3041 illius.
710 2973 810 3052 Quod
830 2973 873 3039 ad
892 2973 1090 3061 septimum,
1116 2980 1169 3041 est
1190 2971 1369 3038 distinctio
1389 2994 1510 3036 sccun-

295 3108 339 3171 20
362 3099 444 3165 dum
464 3106 534 3165 tres
548 3101 675 3185 gradus
692 3100 950 3187 speculationi8‚
968 3097 1244 3187 supranaturalis
1259 3097 1430 3181 videlicet,
1450 3118 1509 3162 ua-

361 3225 484 3291 turalis
508 3233 542 3291 et
567 3227 700 3311 logicae
724 3226 967 3293 universaliter
989 3225 1117 3311 dictae,
1137 3231 1259 3313 utpote
1278 3246 1364 3310 quae
1384 3223 1508 3289 distin-

361 3351 483 3436 guitur
514 3351 552 3416 in
586 3351 714 3439 triplex
748 3350 970 3418 ratiocinium
1007 3375 1027 3417 a
1059 3350 1172 3417 nobis:
1207 3349 1507 3430 mathematicum,

361 3477 490 3542 morale
505 3483 540 3542 et
557 3477 736 3543 rationale.
755 3476 854 3555 Quod
873 3477 915 3543 ad
936 3485 1109 3558 octavum,
1131 3483 1328 3564 separatum
1345 3486 1397 3542 est
1416 3473 1509 3561 quod

362 3600 550 3668 secnndum
570 3626 605 3668 se
629 3601 748 3669 existit
772 3602 913 3668 omuino
942 3612 1040 3669 extra
1070 3600 1264 3684 materiam;
1292 3601 1507 3666 abstractum

295 3743 338 3807 25
362 3737 412 3797 est
432 3731 620 3817 quodcum
640 3731 742 3797 sitin
771 3731 916 3796 materia
943 3730 1162 3812 naturaliter,
1184 3730 1372 3796 secundum
1403 3728 1509 3793 ratio·

362 3880 441 3923 nem
457 3864 492 3923 et
507 3865 711 3945 conceptum
728 3879 880 3923 seorsum
897 3855 1120 3942 intelligitur;
1134 3865 1333 3927 concretum
1348 3860 1400 3921 est
1417 3853 1509 3941 quod

457 4177 651 4233 BIndicativd
662 4181 693 4231 M
753 4181 770 4229 9
786 4179 916 4246 <Triplex
933 4192 1026 4240 genus
1043 4177 1195 4234 Veritatis>
1213 4176 1248 4229 In
1265 4175 1392 4227 Veritate
1406 4175 1515 4226 incom-

362 4258 821 4329 plcxdctc.l1;cf.p.212,16sq.
887 4259 967 4310 10.23
984 4257 1067 4320 Quod
1082 4256 1125 4316 ad]
1142 4255 1253 4318 Quoad
1267 4256 1300 4306 M
1362 4257 1391 4306 11
1410 4271 1515 4321 cogno.

363 4359 442 4394 scere
456 4343 480 4392 A
545 4345 575 4392 12
589 4343 691 4393 modus
704 4350 728 4401 <z
743 4340 950 4404 communiter,
965 4337 1086 4404 Proprie
1098 4343 1127 4389 ct
1141 4334 1325 4403 Improprid.)
1336 4336 1369 4387 M
1430 4340 1460 4388 13
1473 4338 1515 4388 in·

337 4439 339 4444 ·
361 4422 444 4475 rranza'
469 4441 487 4473 a
511 4424 718 4475 necessitatem
744 4421 864 4472 cancella
888 4422 1041 4473 veritatem
1067 4419 1091 4469 A
1173 4420 1204 4469 15
1228 4410 1278 4484 ᾖ)
1303 4421 1340 4468 A:
1368 4419 1463 4484 specie
1482 4418 1513 4470 M

361 4502 549 4570 arlogieom
614 4502 806 4564 2Bad1abrl¹
