3488 5108
667 415 798 460 aenens
818 414 974 460 nmmum
997 414 1202 460 srnrvauvu.
1465 398 1503 455 39

363 570 459 636 dium
490 571 638 658 simplex
662 578 760 636 extra
784 571 876 657 quod
898 577 1048 659 punctus
1075 579 1236 658 acceptus
1265 592 1334 635 non
1364 570 1409 636 sit
1437 593 1504 635 me-

362 696 452 779 dius,
478 695 537 762 sed
557 704 609 762 est
632 697 779 784 sphaera
797 698 833 762 in
859 720 926 782 qua
951 697 1148 784 quicunque
1172 703 1320 783 punctus
1345 696 1503 784 capiatur

362 831 413 890 est
436 823 602 908 medium,
627 824 717 890 sicut
736 824 772 889 in
796 824 935 889 infinito
954 823 1067 911 spatio
1086 823 1221 889 nullum
1245 824 1299 889 vel
1323 845 1503 910 possumus

361 951 473 1017 dicere
498 951 649 1016 medium
666 951 720 1016 vel
735 956 847 1016 totum
867 949 1032 1032 medium3
1052 955 1087 1015 et
1110 949 1187 1016 ideo
1210 948 1339 1015 dicitur
1359 949 1503 1037 sphaera

315 1083 336 1145 5
360 1077 457 1143 cuius
482 1084 639 1142 centrum
663 1076 805 1163 ubique,
830 1075 920 1141 sicut
943 1076 979 1140 in
999 1074 1175 1163 praedicto
1199 1074 1413 1162 Amphitrite
1443 1075 1505 1140 flu-

360 1200 439 1267 vius
467 1209 519 1267 est
550 1201 679 1286 ubique
711 1208 745 1267 et
779 1200 856 1266 fons
892 1200 1036 1286 ubique;
1066 1207 1102 1265 et
1134 1199 1211 1265 ideo
1241 1199 1369 1266 dicitur
1399 1200 1505 1265 etiam

362 1327 514 1413 undique
535 1325 689 1413 aequalis
706 1326 750 1391 ad
768 1326 1000 1392 differentiam
1016 1326 1180 1414 sphaerae
1199 1325 1331 1410 finitae,
1357 1348 1445 1411 quae
1468 1325 1503 1391 in

362 1475 430 1520 uno
451 1451 632 1518 individuo
656 1459 806 1535 tantum,
831 1473 899 1517 non
926 1452 961 1516 in
986 1460 1060 1519 toto
1084 1451 1237 1538 undique
1261 1452 1505 1538 aequalitatem

360 1578 474 1644 habet.
510 1578 630 1664 Neque
664 1577 849 1643 absurdam
884 1586 1021 1665 oportet
1052 1577 1189 1643 credere
1221 1577 1438 1644 Parmenidis
1472 1583 1506 1641 et

296 1703 338 1767 10
361 1703 506 1770 aliorum
531 1702 768 1769 definitionem
784 1710 819 1768 θῖ
833 1725 960 1770 nornen
976 1703 1141 1791 sphaerae
1160 1703 1297 1769 infinito
1318 1703 1504 1780 trilurtum3

361 1829 452 1895 sicut
468 1828 560 1894 enim
576 1829 757 1915 sphaeram
775 1851 816 1892 ex
832 1828 965 1894 intimis
984 1829 1187 1895 definientes
1206 1829 1395 1896 diceremus
1417 1829 1505 1895 ‘cor-

362 1979 441 2043 pus,
462 1955 499 2020 in
519 1977 587 2040 quo
606 1954 696 2020 idem
709 1960 761 2019 est
773 1953 965 2041 longitude,
981 1955 1130 2022 latitudo
1148 1963 1182 2021 et
1195 1954 1433 2043 profundum‘,
1455 1954 1505 2020 ita

362 2103 445 2147 sane
468 2087 504 2145 et
532 2079 708 2146 infinitum
737 2079 938 2145 definiemus
969 2088 1004 2145 et
1033 2087 1282 2166 consequenter
1311 2079 1504 2145 nominabi-

361 2230 450 2290 mus,
472 2228 550 2272 eum
573 2205 728 2292 alioquin
753 2205 893 2271 nomine
924 2214 1046 2272 careat.
1078 2208 1133 2272 Ad
1161 2206 1394 2273 differentiam
1424 2226 1505 2270 vero

296 2327 337 2390 15
362 2331 480 2398 finitae
500 2330 664 2419 sphaerae
684 2330 824 2396 additur
847 2330 1015 2417 ‘undique
1045 2333 1187 2418 aequale
1195 2334 1212 2414 ⁸,
1232 2331 1371 2398 additur
1393 2330 1505 2396 ‘cuius

362 2467 519 2524 centrum
538 2456 694 2542 ubique’3
715 2479 783 2542 qua
807 2456 1008 2522 definitione
1033 2481 1119 2543 quae
1150 2458 1236 2545 fingi
1265 2464 1380 2545 potest
1399 2456 1506 2521 excel-

360 2583 508 2649 lentior?
533 2582 643 2660 Quam
668 2582 697 2646 si
720 2582 927 2648 Aristoteles
946 2583 1170 2670 percepisset,
1199 2607 1219 2648 a
1242 2581 1506 2671 reprehensione

361 2708 580 2798 pepercisset.

450 2836 495 2900 ΙΙ.
521 2832 747 2918 Significatur
766 2857 826 2899 ens
846 2840 926 2899 actu
944 2834 1109 2921 quicquid
1129 2857 1201 2900 esse
1219 2841 1346 2922 potest,
1364 2834 1453 2899 sicut
1469 2834 1507 2898 in

296 2959 340 3023 20
362 2961 459 3027 fonte
476 2959 654 3048 praedicto
674 2967 726 3025 est
745 2959 984 3041 manifestum,
1006 2961 1066 3044 qui
1085 2966 1200 3047 potest
1219 2984 1291 3025 esse
1315 2960 1441 3027 fluvius
1464 2967 1504 3025 ut

362 3086 407 3151 sit
423 3085 551 3150 fluvius
570 3084 673 3150 simul
693 3092 796 3171 atque
815 3108 962 3172 semper,
984 3093 1018 3150 ct
1037 3085 1074 3150 in
1094 3086 1211 3151 eodem
1227 3093 1280 3151 est
1295 3085 1452 3173 potentia
1471 3090 1506 3148 et

362 3219 460 3277 aetus
484 3211 577 3275 trina
601 3215 636 3274 et
659 3209 796 3296 triplex.

452 3336 517 3401 ΠΙ.
543 3335 801 3420 Consequenter
820 3341 871 3400 cst
895 3335 1039 3422 sphaera
1065 3335 1219 3418 infinita,
1251 3337 1287 3400 in
1319 3358 1386 3421 qua
1417 3334 1508 3399 idem

364 3469 417 3527 est
452 3468 623 3543 centrum,
659 3460 841 3545 diameter,
878 3460 1157 3526 circumferentia
1189 3468 1223 3526 et
1254 3461 1507 3526 dimensionum

296 3590 341 3655 25
364 3586 553 3676 plenitudo
575 3587 579 3674 Ι
600 3586 686 3651 Cum
706 3586 797 3651 enim
822 3593 988 3651 centrum,
1002 3589 1111 3674 possit
1135 3610 1206 3652 csse
1229 3587 1334 3671 linea,
1359 3586 1427 3650 ianr
1452 3591 1503 3650 est
1529 3583 1637 3646 115v
1670 3584 1672 3589 ’

364 3715 470 3795 linea;
492 3736 569 3779 cum
587 3713 680 3777 linea
699 3713 808 3799 possit
832 3737 903 3778 esse
927 3714 1136 3802 superficies,
1161 3738 1222 3802 per
1246 3715 1432 3780 transitum
1457 3720 1509 3779 ost

366 3839 577 3928 superficiem
598 3861 675 3903 cum
700 3839 896 3925 superficies
916 3840 1024 3926 possit
1044 3863 1116 3905 esse
1135 3864 1270 3928 corpus,
1296 3849 1348 3906 est
1374 3862 1507 3927 corpus.

366 3968 488 4052 Itaque
508 3965 599 4030 idem
618 3973 671 4031 cst
690 3972 845 4029 centrum
865 3972 900 4030 et
919 3988 1042 4054 corpus
1062 3973 1096 4032 et
1115 3967 1216 4032 linea.

454 4092 513 4157 IV.
538 4091 580 4155 In
600 4112 639 4155 eo
659 4089 750 4155 idem
770 4097 899 4156 esteris
917 4099 951 4157 θῖ
971 4093 1133 4175 essentia,
1151 4100 1271 4180 utpote
1292 4093 1382 4178 quod
1402 4101 1454 4159 est
1474 4101 1508 4159 et

299 4223 345 4286 30
367 4215 840 4304 quoest,quaequide1nin
861 4218 1021 4284 omnibus
1040 4218 1117 4284 aliis
1138 4219 1224 4285 citra
1250 4219 1363 4306 ipsum
1388 4219 1507 4285 distin-

458 4482 474 4532 3
489 4481 534 4531 vel
547 4498 594 4530 cnr.
606 4480 639 4530 M
700 4480 715 4530 6
732 4481 816 4531 etiam
831 4498 879 4532 cnr.
891 4480 925 4531 M
986 4485 1001 4529 9
1017 4487 1132 4549 opctrot
1145 4482 1179 4532 Al
