3488 5108
708 376 848 423 ronnsm
867 376 970 423 BRVNI

358 537 461 602 XXI.
482 537 620 603 Dicitur
638 537 728 603 Deos
748 557 866 602 omnes
889 536 969 602 huic
993 536 1167 602 connubio
1196 535 1411 621 interfuisse,

271 663 353 749 quia
371 663 409 728 in
428 662 622 729 subiectum
639 685 755 729 rerum
773 661 1000 746 naturalium,
1020 662 1112 748 quod
1135 670 1187 729 eet
1210 663 1248 728 in
1272 663 1413 750 regione

271 789 531 873 elementorum,
552 789 705 858 influunt
724 813 842 857 omnes
862 812 1001 857 caussae
1020 790 1227 879 superiores,
1253 788 1415 876 quemad·

271 916 411 982 modum
430 915 474 981 ab
493 915 681 982 universali
701 916 982 983 circumferentia
995 917 1039 983 ad
1055 924 1212 983 centrum
1228 936 1346 982 omnes
1362 937 1413 982 se·

227 1047 248 1108 5
271 1041 481 1108 midiametri
505 1040 626 1107 mundi
649 1041 918 1129 protenduntur,
943 1041 987 1108 ad
1010 1043 1123 1109 instar
1146 1041 1238 1129 quod
1262 1041 1414 1108 creditur

271 1175 363 1234 terra
382 1168 420 1233 in
438 1168 551 1234 medio
570 1169 723 1235 universi
740 1168 783 1234 eb
801 1169 960 1235 omnibus
976 1168 1085 1235 stellis
1102 1167 1254 1257 recipere
1269 1167 1416 1233 influen-

272 1294 357 1361 tiam
383 1302 418 1361 et
445 1294 523 1361 ideo
546 1295 725 1382 speciebus
749 1295 910 1362 omnibus
938 1318 1011 1362 esse
1037 1296 1233 1381 formabile,
1256 1303 1291 1362 et
1314 1301 1414 1362 tanto

272 1420 384 1508 magis
401 1420 573 1487 influxum
591 1444 706 1487 rerum
726 1421 881 1487 omnium
899 1422 1065 1509 recipere,
1087 1428 1217 1507 quanto
1236 1421 1348 1507 magis
1371 1420 1416 1487 ad

273 1545 424 1613 medium
445 1552 480 1612 et
500 1552 656 1612 centrum
675 1546 768 1612 illius
787 1547 827 1612 fit
842 1547 1052 1633 progressio,
1073 1547 1154 1632 quia
1178 1546 1229 1611 ibi
1251 1568 1332 1612 vere
1351 1552 1417 1611 ter·

214 1680 252 1743 10
274 1671 452 1738 minantur
470 1694 588 1739 omnes
612 1671 724 1737 lineae
747 1679 782 1736 et
805 1694 922 1738 omnes
951 1672 1040 1738 radii
1070 1671 1249 1738 stellarum
1277 1692 1418 1737 concur·
1455 1762 1461 1775 Ι
1563 1660 1567 1667 ’

274 1804 365 1863 runt.
384 1796 428 1861 In
446 1796 531 1862 locis
554 1796 647 1862 enim
666 1802 766 1862 extra
785 1803 942 1863 centrum
961 1797 1097 1863 etiamsi
1116 1803 1240 1862 coeant
1258 1795 1415 1883 plurimi,

275 1922 376 2009 longe
395 1928 513 1988 tamen
536 1920 633 1987 abest
651 1928 692 1987 ut
710 1944 829 1988 omnes
849 1922 940 1989 coire
962 1928 1104 2010 possent
1126 1920 1298 1988 diametri.
1322 1920 1416 1987 Hinc

275 2045 433 2113 effectum
450 2054 511 2131 est,
526 2054 567 2112 ut
581 2045 712 2124 terlrae
728 2052 884 2112 centrum
896 2047 1051 2113 omnium
1063 2046 1266 2113 divitiarum
1279 2045 1415 2131 antiqui
1441 2047 1501 2110 13
1508 2046 1558 2108 9‘

276 2172 522 2253 existimarint,
543 2180 578 2237 et
596 2170 672 2237 ideo
692 2173 833 2238 Plutum
852 2172 978 2239 habere
997 2173 1129 2260 regiam
1148 2172 1333 2239 finxerunt.

212 2303 252 2367 15
363 2299 482 2365 XXII.
502 2298 641 2364 Dicitur
652 2304 687 2363 et
699 2298 844 2384 fingitur
860 2299 974 2365 Litem
989 2298 1098 2365 solem
1110 2322 1152 2365 ex
1167 2299 1244 2365 Diis
1256 2296 1418 2365 omuibus

276 2424 441 2508 abfuisse,
462 2432 496 2490 et
515 2444 656 2511 pomum
672 2445 815 2490 eureum
834 2423 871 2489 in
894 2423 1047 2490 medium
1071 2422 1311 2490 tantummodo
1335 2422 1419 2489 inie

276 2550 362 2617 cisse
372 2572 434 2637 pro
448 2572 601 2633 munere;
615 2549 659 2616 ad
673 2548 940 2636 significandum
959 2548 1051 2636 quod
1069 2548 1113 2615 ad
1132 2548 1278 2616 subiecti
1293 2547 1419 2614 consti·

276 2676 446 2743 tutionem
465 2697 603 2741 caussae
622 2696 740 2740 omnes
761 2681 969 2741 concurrunt
992 2697 1080 2761 quae
1104 2674 1333 2759 concordant,
1357 2674 1418 2739 Lis

277 2808 392 2867 autern
408 2822 551 2866 munere
570 2801 758 2884 concurrit,
775 2822 845 2867 non
861 2806 977 2866 autem
1000 2822 1158 2888 persona,
1177 2801 1259 2886 quia
1277 2800 1316 2865 in
1339 2799 1420 2866 sub·

212 2928 256 2993 20
281 2927 370 2994 iectu
403 2927 576 3008 contrarie
608 2926 821 2993 conveniunt
855 2926 972 3012 potius
1002 2927 1089 2993 citra
1122 2926 1422 3007 contrarietatem

278 3051 339 3117 ubi
357 3051 450 3119 enim
474 3052 702 3139 compositum
726 3058 778 3117 est
801 3052 1029 3117 constitutum
1052 3059 1087 3117 et
1110 3073 1329 3138 permanens
1355 3050 1420 3118 sub

279 3176 524 3244 concordantia
540 3200 600 3244 seu
620 3199 734 3243 amore
752 3199 894 3243 munera
914 3177 1002 3244 Litis
1021 3178 1142 3243 latent.

366 3302 507 3367 XXIII.
531 3303 623 3368 Deos
640 3324 766 3386 omnes,
783 3303 881 3368 iuxta
897 3303 1120 3389 antiquorum
1135 3301 1418 3369 consuetudinem

280 3448 367 3514 quae
386 3426 501 3492 adhuc
524 3427 616 3515 apud
640 3426 830 3494 Germanos
850 3436 1062 3515 perseverat,
1082 3429 1141 3513 qui
1160 3429 1294 3516 nuptiis
1318 3429 1422 3494 inter·

213 3554 256 3617 25
279 3552 433 3637 fuerunt,
454 3574 597 3619 munera
617 3553 782 3619 obtulisse
801 3552 944 3637 dicitur;
961 3554 1136 3621 Vulcanus
1152 3554 1245 3620 enim
1261 3555 1420 3639 cultrum,

279 3680 372 3745 Mars
391 3700 531 3763 equum,
552 3679 721 3745 Iunonem
745 3679 974 3766 chlamydem,
992 3686 1249 3765 ceterorumque
1265 3680 1422 3766 singulos

281 3803 419 3892 singula
450 3803 628 3887 obtulisse;
657 3803 738 3889 quia
766 3804 804 3870 in
832 3805 926 3870 omni
954 3805 1098 3892 physico
1127 3805 1280 3872 subiecto
1310 3805 1423 3871 virtus

376 4196 408 4247 12
422 4195 535 4262 possint
546 4196 654 4246 emenda
671 4195 704 4246 M
764 4198 795 4246 13
811 4197 883 4258 forse
899 4196 1066 4247 divitiarum
1085 4202 1205 4253 (arcam)
1223 4196 1380 4259 aquatecta
1397 4195 1426 4247 di

284 4275 367 4328 &mila
431 4279 460 4328 14
476 4277 539 4328 ideo
557 4277 624 4337 ‹iti›
646 4276 678 4327 Μ
740 4277 771 4326 16
787 4277 904 4328 affuisse
926 4278 973 4327 11¹:
996 4277 1125 4328 adfuisse
1146 4276 1179 4326 Μ
1238 4278 1425 4343 sequestr:

285 4359 334 4425 qui
348 4357 427 4423 (aare
440 4363 519 4407 avuto
531 4355 561 4407 iu
568 4364 650 4408 mente
664 4357 815 4425 rnorem)A
862 4359 895 4408 26
910 4359 988 4411 June
997 4359 1106 4409 ernaudo
1115 4358 1153 4419 M,
1164 4373 1208 4407 cm
1220 4355 1305 4407 loscio
1314 4357 1426 4408 inemen-

285 4438 348 4491 dato
361 4439 382 4490 il
394 4445 512 4506 sequente
525 4438 657 4504 singulos
