3488 5108
281 355 340 414 100
718 370 858 417 tonnam
880 372 982 421 nnvnr

368 530 465 596 VIII.
491 530 588 595 Adde
611 531 802 598 accidentia
833 533 924 616 finis,
949 535 1099 622 primum
1120 534 1304 602 tribuendo
1335 536 1419 602 assi·

280 655 386 720 stonti
410 656 562 742 palmam
593 664 627 721 et
650 656 817 745 gladium;
847 659 891 724 ad
919 662 1110 727 notandum
1142 661 1233 748 quod
1261 661 1338 726 finis
1369 669 1421 726 est

279 780 378 865 illud,
399 781 488 868 quod
508 788 559 848 est
578 791 698 869 aptum
722 807 783 849 sua
801 785 973 872 positione
991 802 1026 851 et
1049 787 1302 875 pollicitatione
1325 811 1421 874 pruo-

280 904 389 972 mium
409 915 444 972 et
462 930 523 974 sua
541 908 739 996 privatione
756 911 975 978 combinatio.

235 1034 256 1095 ἵ)
367 1037 432 1102 ΙΧ.
445 1037 536 1104 Illud
549 1039 591 1105 ad
603 1040 695 1126 quod
705 1040 1042 1128 tenditpropositum
1053 1050 1088 1108 et
1100 1042 1260 1128 intenti0,
1272 1054 1324 1110 est
1333 1043 1423 1110 finis.

367 1164 414 1229 X.
439 1164 538 1243 Quod
557 1173 608 1232 est
625 1174 765 1253 gratum
785 1174 819 1233 et
838 1168 1036 1235 iucundum.

367 1295 431 1360 XI.
457 1295 555 1374 Quod
571 1297 607 1361 in
623 1320 687 1363 usu
703 1297 758 1362 vel
773 1295 940 1365 fruitione
954 1298 1126 1383 consistit,
1141 1298 1232 1365 unde
1248 1298 1420 1385 duplicem

278 1423 382 1488 finem
408 1423 626 1489 constituunt
659 1424 826 1510 theologi:
852 1448 919 1512 quo
944 1426 1089 1509 utimur,
1115 1432 1154 1491 ut
1184 1433 1236 1491 ost
1265 1426 1420 1492 executio

187 1598 195 1613 .
277 1555 537 1636 praeceptorum
559 1556 593 1613 et
616 1549 717 1636 legis,
739 1574 826 1636 quae
849 1560 901 1617 est
920 1551 999 1617 finis
1024 1553 1267 1618 mandatorum
1292 1551 1423 1634 (simili-

213 1675 255 1738 10
278 1680 331 1739 ter
361 1695 429 1760 quo
459 1675 646 1761 pascimur,
666 1677 854 1761 nutrimur,
880 1686 918 1743 ut
951 1687 1003 1743 ost
1034 1678 1140 1743 Verbi
1169 1677 1329 1763 victoria,
1355 1701 1422 1764 qua

224 1835 228 1841 ·
277 1801 470 1889 trIumphat
490 1803 663 1887 ecclesia);
688 1811 722 1868 60
741 1826 808 1890 quo
833 1803 983 1871 fruimur
1006 1805 1099 1887 finis,
1125 1815 1163 1870 ut
1194 1811 1245 1872 est
1264 1806 1420 1889 61016666,

277 1929 337 2014 qui
356 1929 512 2014 sequitur
530 1952 676 2016 magnae
695 1929 764 1994 diei
783 1931 1057 1998 retributionem.

316 2142 319 2149 Ι
367 2053 451 2121 ΧΠ.
476 2056 584 2122 Nemo
612 2057 757 2144 sagittat
782 2057 825 2122 ad
849 2059 965 2124 stellas
999 2060 1055 2125 vel
1087 2059 1131 2125 ad
1164 2056 1421 2125 instantisiima

277 2206 449 2270 quaeque;
470 2184 545 2251 ideo
565 2184 643 2250 finis
662 2184 826 2251 definitur
849 2186 1065 2273 propositum
1086 2186 1177 2272 quod
1200 2194 1252 2252 est
1275 2186 1422 2274 possibi-

212 2311 253 2373 11)
276 2309 320 2375 lis
340 2309 543 2397 adeptionis.

367 2437 470 2502 XIII.
495 2437 594 2516 Quod
612 2439 717 2504 habet
740 2440 911 2505 rationem
934 2440 1087 2506 thesauri
1116 2439 1172 2505 vel
1205 2438 1302 2520 boni,
1327 2437 1421 2524 quod

277 2562 416 2648 quidem
435 2563 561 2652 duplex
580 2572 643 2650 est,
662 2589 782 2632 verum
801 2566 962 2631 videlicet
982 2575 1016 2630 et
1035 2589 1219 2654 apparens,
1238 2566 1350 2652 ipsum
1368 2572 1421 2629 ost

274 2693 373 2776 finis;
398 2694 580 2760 nonenim
604 2694 797 2761 intenditur
823 2695 933 2760 solum
963 2695 1105 2779 bonum,
1132 2695 1190 2760 sed
1219 2694 1310 2779 quod
1334 2694 1419 2760 boni

277 2822 425 2908 speciem
444 2821 558 2886 habet.

138 2948 141 2953 ’
210 2944 254 3008 20
366 2948 462 3013 XIV.
487 2948 585 3013 Finis
604 2948 734 3034 estqui
754 2948 876 3034 dirigit
895 2956 929 3013 et
945 2949 1080 3036 regulet
1098 2950 1317 3015 iaculantem.
1338 2949 1420 3014 Ter-

277 3077 390 3143 minus
405 3076 497 3142 enirn
514 3075 718 3141 intentionis
734 3081 785 3141 est
802 3077 890 3141 ratio
907 3076 956 3140 rei
974 3076 1142 3161 agendae;
1160 3076 1220 3162 qui
1236 3077 1329 3141 enim
1346 3099 1418 3142 rem

275 3203 465 3290 perfectam
484 3208 518 3266 et
537 3202 663 3268 bonam
680 3200 845 3286 intendit,
862 3202 1013 3288 perfecte
1033 3210 1067 3266 60
1083 3201 1169 3266 hene
1187 3202 1321 3289 operari
1341 3224 1420 3267 con-

276 3328 399 3394 tondit.

364 3455 443 3519 XV.
468 3454 566 3520 Finis
585 3454 689 3520 habet
712 3454 897 3520 allicientis
926 3462 960 3519 et
990 3454 1198 3519 attrahentis
1222 3454 1419 3519 similitudi-

210 3584 252 3647 25
276 3604 368 3663 nom,
388 3581 477 3647 sicut
496 3604 637 3668 magnos
655 3581 782 3646 dicitur
798 3580 928 3646 ferrum
945 3580 1092 3661 trahere,
1113 3579 1312 3666 pulcritudo
1328 3604 1420 3645 amo-

276 3729 348 3771 rem
368 3708 542 3773 concitare
561 3714 596 3772 60
615 3715 787 3772 ainantom
807 3706 977 3794 pellicere.

365 3833 460 3898 XVI.
486 3833 528 3897 In
552 3833 619 3898 fine
639 3834 815 3899 considera
834 3832 944 3898 veluti
961 3832 1082 3897 duceni
1102 3839 1136 3895 et
1155 3831 1317 3914 indicem,
1338 3854 1419 3916 qua

276 3967 376 4025 tenus
396 3959 524 4024 invitat
543 3960 586 4024 ad
606 3959 830 4045 ope-randum,
851 3958 1005 4045 disponit
1025 3958 1200 4044 operantis
1221 3979 1361 4042 organa.

369 4216 391 4264 3.
403 4216 419 4264 «1
437 4216 514 4279 pmin
529 4215 565 4263 A:
581 4214 721 4280 premium
735 4214 767 4264 d!
828 4217 843 4264 -1
860 4214 1082 4265 combinatiod:
1096 4217 1283 4266 comminutio
1294 4216 1335 4281 II,
1351 4217 1368 4265 l’
1378 4215 1420 4265 in-

275 4301 330 4345 lero
345 4296 421 4362 lnopo
433 4296 445 4345 1
457 4313 474 4343 c
488 4295 533 4343 noi
544 4312 637 4344 oscuro
703 4296 732 4343 10
748 4296 823 4361 quod
839 4300 883 4344 ost
898 4294 1016 4345 verbum
1031 4297 1169 4346 victoriae
1181 4297 1214 4345 II
1276 4299 1304 4346 11
1319 4314 1331 4344 r
1347 4298 1376 4347 12
1390 4304 1420 4347 ot

275 4375 341 4426 finis
355 4393 411 4441 quo
422 4377 544 4425 fruimur
558 4393 570 4424 e
586 4377 679 4440 magni
690 4375 720 4424 Μ
784 4376 812 4424 12
828 4375 898 4438 dopo
912 4376 967 4426 dini
980 4376 1118 4427 1661166111
1130 4384 1236 4442 quadro
1250 4377 1338 4426 lettera
1353 4377 1415 4427 ind

274 4459 305 4507 21
322 4458 421 4508 duoom
435 4473 506 4506 corr.
521 4456 557 4505 da
572 4458 663 4507 lunam
679 4460 704 4524 (o
717 4455 881 4521 effueret-anf)
898 4456 934 4506 d:
949 4458 1040 4507 lucem
1056 4458 1088 4506 111
