3488 5108
329 384 368 443 62
767 397 906 445 rounam
928 395 1029 443 novur

329 557 527 644 compositis
545 564 648 643 atque
667 555 827 622 dividuis.
845 554 946 623 Unde
965 578 1027 642 pro
1048 576 1112 620 usu
1130 553 1233 619 huius
1253 551 1471 640 Lampadis

328 704 369 747 ex
389 683 453 748 hac
471 688 570 770 parte
588 681 670 748 licet
689 681 732 748 ab
752 681 912 747 omnibus
931 688 966 745 et
989 703 1010 746 a
1028 679 1176 766 singulis
1201 678 1355 765 accipere
1375 676 1471 743 diffe-

327 804 458 873 rentias
482 813 516 873 et
536 807 808 890 convenientiae,
828 814 864 872 et
882 829 944 895 per
966 805 1138 872 rationem
1157 804 1352 892 oppositam
1376 801 1472 869 oolli-

326 932 423 1019 gitur
454 934 663 1001 universitas
694 933 946 1019 conditionum,
970 955 1059 1020 quae
1094 939 1176 998 sunt
1204 931 1242 997 in
1270 929 1469 1019 compositis

283 1061 304 1123 ὖ
327 1058 566 1125 materialibus
598 1066 633 1125 et
662 1061 842 1147 corporeis.
870 1058 963 1124 Hinc
987 1058 1093 1124 etiam
1116 1057 1292 1123 desumere
1316 1055 1398 1122 licet
1417 1054 1471 1121 de·

326 1182 521 1251 finitionem
543 1185 812 1271 uniuscuiusque
827 1185 990 1267 istorum3
1009 1184 1110 1250 huius
1127 1182 1267 1269 quidem
1285 1205 1396 1270 genus
1414 1182 1470 1249 vel

327 1310 401 1375 loco
420 1311 557 1397 generis
573 1311 619 1377 sit
643 1311 735 1397 qnod
754 1318 805 1378 est
820 1310 980 1398 pluribus
1004 1332 1193 1393 commune,
1217 1308 1291 1376 loco
1311 1307 1470 1375 differen-

327 1435 395 1500 tiae
415 1435 506 1522 qnod
523 1437 709 1523 unicuique
725 1445 777 1503 est
791 1437 981 1525 proprium.

416 1558 483 1626 Sed
506 1561 677 1648 reliquum
695 1568 747 1629 est
766 1570 806 1628 ut
824 1561 868 1627 ad
887 1583 1017 1644 eorum,
1044 1582 1131 1645 quae
1155 1560 1267 1647 magis
1289 1559 1470 1647 physicam

262 1690 305 1753 10
327 1683 480 1752 referant
498 1687 681 1770 rationem,
700 1686 1010 1754 considerationem
1029 1685 1239 1752 accedamus.
1260 1682 1339 1750 Non
1358 1684 1470 1750 solum

325 1817 441 1877 autem
464 1812 548 1878 haec
572 1811 706 1879 faciunt
725 1813 768 1879 ad
787 1810 1093 1878 demonstrandum
1117 1810 1159 1876 de
1182 1810 1251 1894 his,
1276 1831 1364 1895 quae
1388 1815 1470 1876 sunt

325 1936 364 2001 in
380 1936 483 2004 titulo
503 1937 666 2023 cuiusque
685 1943 820 2003 statuae
835 1937 891 2003 vel
909 1937 989 2025 typi
1005 1936 1201 2024 designata,
1221 1933 1280 2001 sed
1300 1934 1406 2000 etiam
1426 1934 1470 2000 ad

326 2060 634 2129 demonstrandum
657 2063 772 2129 omnia
795 2064 838 2129 de
861 2063 1034 2147 omnibus,
1059 2062 1142 2150 quia
1170 2060 1331 2149 singulae
1355 2059 1470 2127 condi·

325 2186 438 2253 tiones
455 2194 537 2253 sunt
555 2210 617 2275 per
635 2210 752 2254 omnes
772 2188 857 2255 alias
880 2187 1178 2271 demonstrabiles,
1204 2187 1285 2274 quia
1310 2186 1469 2274 singulae

261 2308 303 2374 15
326 2319 408 2378 sunt
427 2313 581 2380 omnium
601 2323 635 2380 et
649 2336 766 2381 omnes
783 2315 999 2402 singularum
1018 2314 1116 2380 ratio.
1134 2313 1190 2379 Ad
1208 2313 1294 2380 haec
1312 2335 1390 2380 curn
1410 2335 1469 2379 sex

326 2437 420 2504 diota
443 2438 599 2506 subiecta
621 2439 917 2507 immaterialitate
944 2440 1152 2506 conveniant
1179 2463 1239 2506 sen
1264 2439 1469 2528 incomposi-

326 2564 420 2631 tione
439 2571 544 2651 atque
562 2566 799 2654 simplicitate,
821 2566 907 2633 illud
926 2566 1018 2654 quod
1041 2565 1169 2633 dicitur
1188 2567 1225 2632 in
1248 2589 1318 2633 una
1338 2566 1469 2633 coordi-

325 2690 466 2756 natione
485 2691 672 2757 secundum
691 2692 783 2779 quod
805 2692 1004 2759 huiusmodi
1026 2692 1225 2759 verificatur
1248 2694 1286 2758 in
1306 2692 1468 2759 omnibus

324 2815 402 2882 aliis
422 2817 756 2902 coortlinationibus;
780 2821 870 2885 unde
886 2819 1012 2903 media,
1033 2842 1121 2905 quae
1137 2842 1208 2886 uon
1224 2819 1346 2885 dicunt
1371 2841 1469 2885 exac-

258 2941 303 3005 20
325 2949 397 3007 tam
429 2942 678 3031 proprietatem
705 2944 987 3032 uniuscuiusque,
1019 2945 1079 3010 sed
1108 2945 1278 3013 rationem
1305 2944 1466 3033 pluribus

324 3090 549 3154 communem,
568 3069 839 3155 considerentur,
859 3078 1037 3156 notentur,
1055 3080 1091 3137 et
1105 3094 1166 3138 suo
1185 3078 1339 3159 tempore
1357 3078 1392 3136 et
1411 3093 1464 3136 oc·

324 3192 459 3260 cesione
478 3193 516 3259 in
534 3217 635 3260 usum
653 3205 867 3263 revocentur.

502 3507 577 3580 DE
621 3506 893 3584 APOLLINE
936 3509 1005 3582 ET
1048 3510 1290 3590 MONADE.

412 3807 538 3895 Apollo
555 3809 655 3874 nobis
674 3809 844 3875 unitatem
864 3809 1045 3897 significet,
1065 3835 1211 3900 cumque
1230 3815 1301 3880 suis
1321 3815 1464 3881 circum·

257 3929 300 3993 25
324 3933 463 3999 stantiis
487 3933 749 4005 mulltimodam
772 3935 920 4002 unitatis
943 3937 1131 4005 rationem:
1492 3940 1608 4003 126r

415 4199 500 4258 2(Ι.>
520 4200 613 4263 Licet,
631 4201 646 4250 3
669 4200 726 4259 (ll)
744 4202 781 4249 Et
802 4216 864 4266 por,
883 4200 1096 4260 5<111>Hine.
1115 4203 1144 4250 ll
1162 4201 1228 4261 <1v>
1247 4203 1339 4266 Haec,
1359 4205 1389 4253 12
1411 4204 1461 4262 (V)

324 4280 368 4331 Ad
380 4281 644 4344 demonstrandum,
655 4283 685 4332 17
697 4281 763 4338 (VI)
774 4282 849 4332 Illud
861 4281 893 4331 M
937 4283 954 4333 6
969 4281 1100 4346 liujusA:
1113 4283 1202 4333 Cuius
1215 4284 1247 4333 M
1291 4286 1315 4335 9.
1329 4286 1360 4335 10
1371 4285 1425 4336 Sed
1434 4314 1464 4324 —

324 4361 527 4413 -accedamus
539 4362 703 4413 sotlolinraeo
716 4361 738 4410 A
803 4361 835 4412 ‘23
851 4378 960 4412 uanam:
972 4372 1034 4421 (ssu
1048 4370 1180 4422 carrara>
1193 4363 1245 4415 ein
1256 4365 1378 4431 naorpine
1392 4384 1463 4418 ouuo

325 4459 464 4496 sncusous
476 4443 508 4493 M
