3488 5108
667 458 795 503 naseas
815 456 975 503 rmcmm
997 455 1204 501 smrvinvn.
1447 440 1504 499 189

689 805 762 878 DE
806 802 1180 878 PRAEDIOATIS

481 1001 646 1062 PARTIM
667 999 903 1060 ABSOLVTIS
923 1000 1089 1061 PARTIM
1109 1000 1388 1062 RESPEOTIVIS

616 1116 694 1177 SEV
715 1117 865 1177 MEDIIS
885 1117 1018 1178 INTER
1040 1117 1252 1191 VTRAQVE.

451 1408 656 1476 Praedicata
679 1407 792 1474 media
815 1415 896 1474 sunt
920 1430 1008 1494 quoe
1031 1415 1235 1496 sequuntur,
1260 1431 1407 1497 quorum
1437 1413 1508 1498 pri·
1615 1420 1617 1424 ’

318 1537 456 1603 omum
475 1545 527 1602 est
556 1533 779 1600 secundum
810 1533 915 1620 quod
944 1557 1002 1600 seu
1033 1543 1252 1621 quatenus,
1281 1543 1392 1602 otest
1417 1537 1508 1623 quod

362 1662 492 1728 mediat
511 1662 602 1726 inter
621 1668 782 1726 naturam
802 1667 836 1725 et
856 1660 1037 1725 essentiam
1071 1667 1146 1744 etc,
1171 1667 1206 1726 et
1229 1683 1269 1726 ea
1288 1684 1376 1747 quae
1395 1684 1509 1750 super·

361 1789 507 1856 veniunt
526 1795 561 1854 et
580 1787 781 1872 succedunt,
802 1796 841 1856 ut
859 1787 947 1854 ratio
967 1787 1106 1855 illorum
1126 1811 1167 1855 ex
1195 1789 1272 1856 istis
1300 1797 1336 1855 et
1367 1800 1508 1878 propter

360 1914 456 1997 haec;
470 1914 562 1980 unde
578 1913 744 1979 divinitas
761 1912 948 1980 secundum
964 1912 1056 1999 quod
1072 1912 1238 1982 divinitas
1254 1915 1379 2003 recipit
1394 1923 1505 1984 certas

361 2040 528 2125 rationes,
549 2039 665 2106 unitas
696 2046 730 2105 et
759 2039 896 2105 bonitas
924 2038 1112 2105 secundum
1132 2038 1223 2125 quod
1243 2040 1359 2108 unitas
1391 2049 1426 2107 et
1445 2037 1507 2108 bo-

297 2171 339 2235 10
361 2167 467 2251 nitas,
485 2172 520 2231 et
539 2164 807 2251 unumquodque
826 2164 1013 2230 secundum
1037 2163 1128 2250 quod
1147 2163 1357 2232 huiusmodi.

450 2291 495 2356 Π.
523 2292 588 2356 Est
610 2289 846 2372 necomitam
885 2289 940 2356 cui
977 2290 1165 2378 opponitur
1202 2267 1506 2378 contingentia,

361 2436 449 2501 quae
467 2415 536 2482 duo
556 2415 759 2502 simpliciter
778 2422 974 2481 sumuntur:
994 2413 1151 2481 absolute
1168 2414 1345 2500 videlicet,
1364 2421 1404 2481 ut
1422 2421 1505 2482 sunt

361 2540 493 2607 formae
512 2540 563 2606 rei
582 2539 769 2607 seeundum
793 2539 885 2625 quod
904 2539 994 2628 ipsa;
1015 2540 1082 2606 alio
1102 2547 1219 2628 pacto,
1250 2549 1290 2608 ut
1314 2541 1506 2630 respiciunt

362 2667 503 2732 effectus
523 2667 578 2732 vel
596 2666 765 2749 subiecta,
784 2673 905 2753 utpote
935 2665 1061 2751 quibus
1085 2675 1167 2734 sunt
1190 2667 1395 2750 necessaria,
1417 2666 1507 2732 sicut

298 2795 338 2857 15
362 2792 529 2858 divinitas
549 2798 601 2858 est
619 2792 804 2858 necessitas
823 2790 980 2857 absoluta
997 2789 1087 2856 in‘se
1102 2797 1137 2856 et
1155 2791 1345 2879 respective
1364 2790 1408 2857 ad
1428 2789 1507 2856 alie.

362 2917 556 2983 Necessitas
576 2917 667 2982 enim
687 2915 873 2983 secundum
892 2915 1063 2981 rationem
1083 2913 1278 2983 absolutam
1294 2925 1345 2983 cst
1362 2917 1437 3003 ipsa
1457 2915 1508 2981 in-

361 3041 520 3108 fallibilis
540 3048 574 3107 et
593 3041 820 3108 immutabilis
838 3040 968 3106 veritas
987 3047 1022 3107 et
1041 3040 1225 3107 existentia
1245 3047 1280 3106 et
1303 3041 1420 3107 unitas
1440 3046 1507 3105 etc.

363 3166 531 3234 Similiter
550 3168 592 3234 (le
611 3168 850 3254 contingentia
870 3167 959 3233 eirca
978 3189 1033 3250 ea,
1053 3167 1095 3232 (le
1126 3167 1251 3253 quibus
1282 3166 1424 3251 dicitur,
1455 3172 1507 3233 est

362 3293 541 3360 iudicium.

296 3420 340 3483 ‘20
450 3421 515 3485 III.
541 3420 603 3485 Est
622 3419 843 3506 perfectio,
868 3426 902 3483 et
926 3418 1187 3505 imperfectio
1210 3418 1409 3505 opponitur.
1426 3418 1506 3505 Ipsa

362 3553 413 3612 est
431 3546 629 3611 absolutum
649 3544 744 3631 quid,
765 3551 804 3610 ut
823 3543 994 3610 unitatem
1014 3551 1049 3608 et
1068 3543 1279 3610 totalitatem
1302 3546 1351 3609 rei
1376 3543 1510 3630 signifi-

363 3680 432 3755 cat;
453 3678 506 3736 est
524 3671 768 3758 respectivum,
790 3677 961 3755 (pantenus
980 3669 1108 3736 (licitur
1126 3676 1161 3734 et
1185 3669 1333 3735 refertur
1363 3669 1407 3734 ad
1434 3693 1509 3757 per·

361 3797 525 3864 sectibile.
547 3797 715 3863 Similiter
734 3795 951 3882 imperfectio
971 3795 1026 3861 vel
1042 3801 1081 3860 ut
1099 3795 1246 3861 refertur
1265 3794 1361 3860 adid
1378 3794 1419 3859 de
1439 3817 1507 3880 quo

362 3922 506 4006 dicitur,
527 3923 582 3989 vel
602 3921 789 3988 secundum
809 3944 861 4006 se,
880 3921 961 3988 licet
979 3920 1070 3989 ratio
1095 3920 1254 3987 absolute
1277 3919 1429 4003 nonsit,
1457 3920 1508 3986 ita

455 4276 471 4327 5
488 4281 534 4326 est
546 4276 645 4334 ‹vm›
660 4274 818 4326 secundum
833 4276 918 4342 quod,
933 4278 961 4327 ll
977 4277 1018 4329 IX
1033 4278 1086 4328 Est
1099 4277 1282 4343 Necessitas,
1296 4277 1327 4327 20
1338 4277 1366 4328 X
1378 4278 1431 4328 Est
1442 4277 1511 4329 Per·

363 4356 451 4407 lectio
465 4362 510 4407 etc.
527 4357 593 4421 (fiac
607 4374 625 4405 a
633 4358 661 4420 f.
677 4358 737 4405 178v
758 4356 842 4407 XXX
854 4357 906 4406 Est
920 4357 998 4422 Vita)
1013 4357 1046 4407 M
1107 4359 1137 4408 12
1154 4357 1326 4423 simpliciter
1337 4359 1375 4407 A:
1390 4356 1509 4424 duplici·

364 4445 408 4488 ter
421 4437 530 4489 aristida
547 4437 578 4487 M
641 4439 671 4487 15
687 4434 822 4487 absolute
838 4437 870 4487 M
930 4439 962 4488 20
979 4443 1009 4489 ot
1026 4437 1206 4506 imperfectio
1228 4438 1384 4507 opponitur
1404 4437 1442 4489 A:
1462 4438 1508 4490 cui

363 4519 519 4585 opponitur
534 4518 712 4584 imperfectio
725 4517 757 4567 M
