3488 5108
668 406 796 452 tauris
817 406 976 452 rmo'ura
999 405 1204 452 srarvaavu.
1467 389 1508 448 43

451 563 568 628 XXV.
588 563 725 628 Dicitur
744 564 857 650 ipsum
873 563 1075 645 maximum,
1093 563 1198 628 immo
1214 562 1290 649 ipsa
1306 560 1504 627 maximitas

364 710 423 752 seu
451 687 652 772 eminentia,
684 688 765 773 quia
793 710 928 753 omnem
951 687 1227 774 magnitudinem
1251 692 1446 773 exsuperat,
1471 692 1506 749 et

364 813 474 878 omnis
493 813 697 899 magnitudo
717 813 816 878 finita
835 812 928 879 infra
950 814 1064 901 ipsum
1083 813 1126 879 ad
1145 813 1347 913 distantiam
1367 813 1372 896 Ι
1392 810 1507 876 infini-
1530 805 1638 870 11'72

365 948 435 1004 tam
455 939 499 1004 ab
518 939 593 1027 ipso
612 940 819 1005 terminatur
838 947 872 1003 et
897 937 941 1004 ad
964 939 1087 1025 ipsum.
1118 938 1308 1005 Maximum
1331 958 1413 1003 vero
1436 958 1507 1003 non

321 1062 492 1129 odicitur
510 1064 548 1128 in
567 1064 824 1151 comparatione
846 1064 1028 1147 malorum3
1053 1064 1144 1129 mala
1167 1064 1261 1129 enlm
1285 1070 1367 1129 sunt
1390 1062 1427 1131 in
1450 1084 1508 1148 ge·

365 1210 445 1254 nore
465 1188 631 1271 defectus,
652 1187 853 1254 attendunt
872 1210 990 1254 vorsus
1009 1189 1201 1254 minimum.

453 1315 588 1380 XXVI.
612 1316 676 1380 Est
703 1324 827 1381 natura
852 1314 895 1379 ab
919 1314 1152 1401 intelligentia
1177 1314 1288 1398 finita,
1314 1313 1505 1380 cuiusmodi

365 1448 483 1507 nostra
506 1447 572 1522 est,
599 1439 811 1526 attingibilis
841 1438 950 1505 veluti
979 1439 1016 1504 in
1045 1439 1197 1527 speculo,
1229 1437 1506 1524 quandoquidem

366 1574 531 1651 tanquam
551 1565 820 1631 consistentibus
839 1565 877 1629 in
896 1542 1052 1630 Platonis
1071 1572 1172 1631 antro
1192 1571 1324 1630 rectum
1339 1564 1506 1630 intuitum

301 1693 343 1757 10
365 1691 408 1757 ad
428 1691 540 1777 ipsum
561 1690 704 1777 infigere
723 1713 794 1755 non
813 1690 908 1771 lieet,
929 1690 988 1755 sed
1007 1713 1049 1754 ex
1068 1689 1211 1756 adverso
1228 1689 1272 1755 ad
1287 1688 1433 1755 fundum
1450 1711 1509 1754 an·

365 1816 410 1895 tri
429 1815 708 1903 respicientibus,
728 1837 799 1880 non
817 1815 928 1880 lucem
948 1815 1007 1880 sed
1025 1816 1112 1881 lueis
1131 1814 1331 1901 vestigium,
1350 1835 1420 1879 non
1436 1836 1509 1901 spe-

365 1940 432 2006 cies
459 1949 493 2005 et
516 1941 610 2006 ideas
645 1940 702 2007 sed
727 1940 918 2027 specierum
941 1950 975 2004 et
999 1940 1154 2005 idearum
1188 1939 1326 2006 umbras
1354 1938 1436 2004 licat
1459 1940 1509 2004 in·

367 2066 470 2148 tueri,
492 2065 551 2130 ubi
576 2064 753 2153 speculum
778 2073 914 2131 constat
937 2087 977 2128 ex
1001 2063 1175 2152 diaphano
1200 2086 1353 2151 corpore,
1378 2064 1507 2149 inquo

365 2213 434 2256 uon
450 2190 569 2256 liceret
584 2191 771 2276 imaginem
791 2191 992 2278 perspicere,
1013 2189 1080 2255 nisi
1097 2190 1270 2277 opacitate
1285 2189 1426 2256 umbrae
1442 2197 1508 2255 ter·

301 2320 342 2381 15
366 2315 525 2381 minetur.
546 2315 628 2381 Ideo
648 2317 720 2381 eius
739 2316 876 2381 vultum
900 2337 970 2380 non
993 2337 1173 2402 possumus
1197 2316 1267 2381 nisi
1289 2316 1326 2381 in
1350 2315 1507 2402 vestigiis

365 2448 399 2506 et
419 2441 612 2522 affectibus,
633 2442 693 2527 qui
713 2450 794 2507 sunt·
814 2441 903 2507 eirca
922 2441 1116 2524 materiam,
1137 2441 1374 2528 contemplari.

454 2566 607 2631 XXVII.
633 2567 790 2631 Dicimur
809 2589 849 2630 ex
869 2567 941 2631 eius
961 2566 1094 2631 visione
1111 2565 1317 2649 beatificari,
1342 2566 1424 2651 quia
1448 2566 1509 2652 qui

364 2692 478 2778 ipsum
497 2692 606 2774 videt,
627 2692 743 2758 omnia
762 2692 857 2756 videt
877 2697 985 2773 (extra
1002 2700 1118 2756 tamen
1138 2691 1314 2779 speculum
1338 2698 1373 2756 et
1391 2692 1507 2779 aenig-

364 2816 528 2883 maticam
547 2817 840 2899 similitudinem);
861 2817 920 2903 qui
944 2817 993 2882 ita
1017 2817 1133 2882 omnia
1157 2816 1265 2899 videt,
1290 2818 1406 2883 omnia
1429 2840 1506 2904 pos-

296 2944 340 3007 20
364 2941 465 3026 sidet,
486 2943 595 3008 nihilo
615 2952 701 3029 eget.
721 2944 821 3011 Unde
841 2951 875 3009 et
891 2943 1095 3008 Aristoteles
1112 2942 1185 3008 citis
1201 2942 1371 3008 actionem
1389 2949 1423 3007 et
1439 2943 1508 3008 evi·

363 3067 516 3133 dentiam
533 3069 642 3134 vitam
663 3069 814 3155 appellat
833 3068 1088 3155 sempiternam.

452 3193 624 3258 XXVIII.
651 3194 733 3258 Eius
753 3217 824 3258 esse
845 3201 895 3258 est
915 3195 1002 3258 citra
1021 3215 1156 3258 omnem
1173 3191 1418 3274 differentiam,
1437 3212 1505 3256 om·

364 3340 443 3382 nem
463 3319 756 3405 contrarietatem,
783 3340 917 3383 omnem
941 3317 1234 3398 convenientiam
1255 3318 1298 3382 ab
1319 3318 1393 3404 ipso
1413 3317 1504 3382 enim

363 3441 445 3507 haec
465 3443 580 3508 omnia
600 3451 692 3524 sunt,
714 3452 788 3506 tum
808 3441 1000 3507 formaliter
1019 3449 1093 3507 turn
1113 3442 1431 3508 fundamentaliter.

295 3582 339 3645 25
452 3568 592 3632 XXIX.
617 3569 695 3654 Ipse
724 3576 776 3631 est
804 3567 955 3632 omniurn
986 3567 1168 3633 tricausale
1196 3567 1422 3655 principium,
1452 3575 1504 3634 est

362 3692 455 3757 enirn
468 3692 578 3758 forma
592 3693 758 3776 omnium,
772 3692 921 3757 officiens
935 3693 1103 3777 omnium,
1116 3692 1195 3758 finis
1212 3692 1378 3775 omnium,
1393 3692 1505 3758 forma

362 3817 562 3900 formarum,
584 3817 733 3882 efficiens
753 3817 974 3901 officieutum,
995 3817 1074 3883 finis
1094 3819 1261 3884 infinitus.

454 3942 574 4006 XXX.
600 3942 757 4028 Attingit
776 3966 796 4006 a
815 3942 882 4007 line
903 3965 1011 4028 usquo
1035 3943 1079 4007 ad
1103 3943 1217 4024 finem,
1244 3943 1293 4006 ita
1318 3951 1357 4007 ut
1380 3943 1426 4007 sit
1450 3965 1504 4008 su·

361 4090 423 4153 per
446 4067 561 4132 omnia
584 4089 653 4131 non
677 4067 862 4151 exclusive,
890 4066 982 4132 infra
1002 4068 1117 4133 omnia
1136 4090 1205 4134 non
1234 4067 1437 4148 subiective,
1467 4068 1503 4132 in

295 4206 340 4271 30
363 4191 522 4258 omnibus
541 4214 609 4258 non
629 4193 806 4258 inclusive.

449 4390 480 4439 la
497 4389 539 4440 ita
551 4389 587 4438 A:
602 4398 698 4440 autem
711 4389 740 4438 M
803 4391 835 4438 20
852 4390 1027 4440 Aristoteles
1045 4389 1086 4452 (in
1105 4390 1123 4438 l.
1143 4390 1176 4439 do
1195 4390 1291 4451 Caelo)
1310 4386 1369 4452 (sic)
1387 4388 1431 4451 M;
1450 4387 1504 4439 ciet

362 4469 446 4522 Arist.
458 4470 489 4522 dr
503 4471 574 4522 Cael.
590 4472 641 4521 153.
657 4473 721 4520 2861·
740 4475 755 4518 ll
827 4472 859 4519 26
870 4488 882 4520 e
895 4471 926 4519 27
943 4470 1049 4533 effigies
1063 4486 1075 4518 e
1090 4469 1217 4535 effigians
1231 4469 1406 4535 effigientum
1420 4468 1442 4518 A
