3488 5108
729 416 871 462 sonuum
892 415 995 461 BRVNI

576 664 611 703 Do
625 664 743 714 speciebus
757 664 910 704 concoctionts
926 667 949 704 et
962 664 1150 706 lnccneocttonts.

382 851 525 936 Eorum,
543 872 631 936 quae
650 855 824 916 maturata
842 849 1006 917 dicuntur
1022 858 1057 917 et
1073 859 1248 937 concocta,
1267 851 1434 938 quaedam

294 977 458 1043 dicuntur
477 976 482 1065 Ι
502 977 655 1064 proprie,
690 975 859 1063 quaedam
895 1000 977 1044 vero
1011 978 1252 1066 metaphorice.
1290 979 1435 1066 Proprie
1460 975 1609 1038 70OE

294 1109 458 1169 concocta
477 1112 513 1169 et
531 1107 706 1168 maturata
724 1102 888 1169 dicuntur
906 1109 942 1168 et
956 1103 1123 1191 perfecta,
1142 1103 1279 1189 quando
1296 1103 1437 1188 semina,

250 1232 271 1296 5
295 1234 483 1314 quaesunt
506 1229 544 1294 in
566 1228 668 1316 ipsis,
700 1228 769 1294 tale
799 1229 946 1295 alterum
973 1236 1121 1316 possunt
1147 1229 1295 1312 efficere,
1323 1229 1439 1316 qualia

296 1361 378 1422 sunt
397 1355 486 1442 ipsa,
506 1378 593 1442 quae
612 1354 755 1442 speciali
772 1356 911 1421 nominc
929 1363 1067 1422 matura
1097 1355 1262 1422 dicuntur
1290 1363 1326 1422 et
1353 1356 1440 1423 refe-

293 1486 420 1546 runtur
438 1479 482 1545 ad
499 1478 633 1546 fructus
658 1487 693 1545 et
711 1479 756 1546 ad
775 1480 843 1546 alia
865 1503 953 1566 quae
968 1504 1085 1547 semen
1101 1481 1280 1564 emittunt,
1297 1487 1337 1547 ut
1356 1487 1439 1547 sunt

297 1605 426 1672 maturi
444 1604 591 1692 fructus,
611 1604 749 1691 quando
766 1628 882 1671 semen
902 1606 1039 1672 illorum
1058 1614 1173 1694 potest
1191 1606 1379 1695 producere
1395 1609 1438 1673 si-

297 1730 395 1814 mile;
413 1731 481 1796 alia
495 1752 576 1798 vero
593 1737 729 1797 matura
744 1730 907 1797 dicuntur
925 1730 1158 1818 metaphorice
1174 1754 1233 1797 seu
1248 1753 1310 1818 per
1325 1737 1438 1798 trans·

234 1863 274 1925 10
295 1856 473 1940 lationem,
491 1855 771 1947 quandoquidem
784 1857 852 1922 alio
868 1856 1008 1922 nomine
1026 1857 1064 1922 in
1083 1857 1161 1924 aliis
1179 1858 1281 1923 rebus
1299 1858 1438 1924 utinen

295 2003 477 2069 possumus
501 1982 593 2067 quod
616 1981 662 2048 sit
687 1981 888 2069 impositum
909 1981 963 2048 vel
982 1981 1085 2047 facile
1104 1981 1227 2047 melius
1246 1982 1356 2069 possit
1376 1981 1439 2047 im·

295 2107 394 2194 poni,
425 2113 465 2172 ut
488 2106 748 2195 supradictum
771 2113 831 2173 est.
851 2107 1094 2194 Propriissime
1116 2128 1199 2195 ergo
1222 2107 1351 2175 dicitur
1371 2127 1439 2175 uno

298 2231 399 2297 modo
417 2238 593 2298 maturum
609 2231 690 2315 isto,
709 2231 848 2319 proprie
868 2220 1014 2298 subinde
1037 2232 1165 2298 dicitur
1195 2235 1233 2298 in
1263 2233 1438 2319 omnibus,

297 2379 385 2443 quae
412 2357 543 2423 habent
569 2357 751 2423 terminari
778 2381 798 2423 a
828 2358 981 2424 naturali
1008 2357 1201 2443 caliditate,
1225 2358 1439 2446 frigiditata;

234 2494 275 2558 15
297 2482 389 2549 unde
406 2483 588 2549 tubercula
610 2490 645 2548 et
663 2483 812 2571 pituitae
841 2491 1016 2550 maturata
1045 2484 1209 2550 dicuntur
1236 2508 1256 2550 a
1288 2484 1440 2551 naturali

297 2608 408 2676 calido
428 2617 660 2695 concoquente
679 2610 868 2676 inexistens
885 2609 1075 2676 humidum.
1096 2610 1139 2675 In
1158 2610 1235 2677 istis
1253 2611 1439 2697 spirituosa

297 2757 375 2800 cum
400 2741 635 2818 maturantur,
662 2735 752 2801 finnt
780 2756 925 2821 aquosa;
950 2735 1069 2801 tenuia
1100 2758 1178 2803 cum
1204 2743 1438 2819 maturantur,

296 2858 386 2924 fiunt
404 2859 581 2925 crassiora.
603 2860 700 2926 Sicut
723 2861 909 2927 maturatio
929 2868 981 2926 est
999 2859 1165 2947 perfectio
1197 2860 1365 2947 quaedam
1390 2884 1441 2927 ca·

297 2984 360 3050 lidi
383 2986 565 3069 naturalis,
586 2986 636 3051 ita
656 2986 807 3086 cruditas
826 2994 879 3053 est
900 2984 1116 3073 imperfectio
1133 2985 1237 3051 illius.
1258 2985 1438 3068 Cruditas,

231 3129 275 3191 20
298 3114 387 3180 sicut
403 3123 438 3180 et
450 3112 645 3198 maturatio,
659 3113 903 3187 multismodis
916 3112 1061 3195 dicitur;
1075 3112 1199 3178 crudae
1212 3112 1304 3178 enim
1322 3100 1441 3178 dicun-

297 3246 355 3304 tur
370 3241 506 3320 urinae,
527 3240 720 3325 egestiones
736 3246 772 3304 et
787 3237 1049 3324 destillationem
1064 3238 1146 3322 quia
1163 3260 1232 3303 non
1249 3245 1331 3303 sunt
1346 3239 1440 3303 victa

297 3387 318 3430 a
347 3363 524 3429 caliditate
550 3365 721 3446 naturali;
751 3363 897 3451 proinde
928 3363 1156 3428 communiori
1186 3362 1442 3448 significatione

298 3488 404 3555 cruda
433 3488 597 3554 dicuntur
620 3487 754 3570 fictilia,
778 3489 921 3555 crudum
940 3489 1067 3554 dicitur
1090 3489 1144 3554 lac
1168 3496 1204 3552 et
1233 3488 1301 3554 alia
1320 3489 1440 3572 multa,

298 3637 385 3699 quae
403 3637 473 3680 non
497 3621 578 3680 sunt
596 3637 697 3702 passa
720 3637 740 3679 a
764 3613 941 3679 caliditate
958 3636 1020 3700 pro
1041 3614 1208 3679 decentia.
1229 3617 1234 3699 Ι
1256 3613 1440 3680 Elixatio
1467 3612 1616 3675 70'B

231 3751 275 3814 25
299 3745 350 3804 est
366 3739 542 3806 concoctio
557 3739 764 3805 acaliditate
779 3739 920 3805 humida
937 3739 1124 3805 secundum
1140 3746 1253 3804 totum
1270 3738 1440 3804 existente

299 3864 451 3930 elixabili
472 3865 508 3930 in
527 3863 669 3930 humido
688 3864 905 3929 terminante.
926 3864 969 3928 ln
998 3863 1051 3929 his
1082 3887 1163 3951 ergo
1194 3863 1370 3929 concoctio
1402 3863 1441 3927 fit

299 3991 343 4055 ab
363 3991 457 4075 igne,
480 3991 540 4074 qui
559 4000 611 4055 est
630 3990 667 4054 in
686 3988 847 4072 humide,
867 3989 926 4055 ubi
946 3990 1095 4054 excretio
1120 3991 1160 4054 fit
1186 4012 1248 4075 por
1272 3989 1440 4054 extrinse-

301 4139 378 4182 cum
396 4117 577 4183 humidum
609 4116 837 4182 acaliditate.
866 4116 961 4193 Quae
991 4122 1106 4181 autem
1137 4116 1174 4180 in
1204 4099 1463 4202 sartaginibus
1578 4196 1581 4203 Ι

301 4250 475 4324 assantur,
495 4243 678 4330 patiuntur
702 4242 746 4307 ab
770 4243 961 4308 extrinseco
986 4242 1095 4306 calido
1120 4242 1177 4307 sed
1201 4265 1271 4308 non
1290 4241 1441 4307 humido.

393 4465 562 4517 ladano
622 4465 651 4514 21
670 4463 873 4515 victaaStc'lzle
934 4465 964 4513 27
981 4465 1030 4514 ubi
1045 4466 1211 4515 excernitur
1225 4467 1352 4515 excretio
1367 4467 1400 4516 Β1
