3488 5108
757 420 919 467 MEDICINA
943 421 1119 466 avaluna,

733 662 767 702 Da
782 662 875 702 humera
891 660 1012 712 phlegma.
1028 660 1083 712 Cap.
1100 660 1134 700 4¹¹²

451 823 585 889 Humor
604 821 857 911 phlegmaticus
871 830 1007 890 constat
1022 847 1063 890 ex
1079 822 1274 909 frigiditate
1290 845 1399 910 aquae
1420 846 1507 910 quae

362 956 414 1016 est
441 947 542 1015 valde
572 948 786 1032 restrictiva,
807 956 846 1014 ut
864 955 963 1036 patet
992 949 1030 1014 in
1061 949 1224 1036 crystallo
1243 955 1277 1014 ct
1300 948 1391 1036 gelo,
1412 956 1447 1014 et
1466 972 1508 1015 ex

362 1074 571 1140 humiditate
590 1075 679 1141 atria
700 1074 761 1160 qui
781 1082 833 1141 est
852 1075 1049 1163 repletivus.
1075 1073 1157 1140 Ideo
1180 1073 1283 1141 homo
1302 1074 1508 1162 phlegmati-

317 1199 337 1261 5
361 1207 491 1268 cnseat
511 1223 651 1284 avarus,
670 1201 827 1288 galcam,
847 1200 1076 1286 vagabundus
1093 1207 1127 1264 et
1146 1199 1262 1287 piger3
1283 1208 1317 1264 at
1334 1201 1415 1285 quia
1434 1223 1507 1265 mu·

360 1327 461 1392 lieres
480 1327 627 1392 multum
647 1326 801 1391 retinent
820 1325 861 1390 de
882 1325 1091 1413 frigiditate,
1107 1325 1183 1393 ideo
1200 1326 1406 1391 naturaliter
1425 1332 1507 1391 sunt

248 1464 250 1469 '
360 1461 496 1520 tenaces
515 1455 587 1520 siva
606 1477 731 1520 avarae
747 1461 781 1519 at
801 1455 939 1519 otiosae.

703 1682 736 1720 Dc
752 1681 846 1721 humore
861 1680 1034 1721 melancholico.
1052 1680 1106 1732 Cup.
1122 1683 1164 1722 5¹¹¹.

449 1845 584 1911 Humor
603 1844 870 1911 melancholicus
887 1852 1023 1911 constat
1041 1869 1082 1910 ex
1102 1845 1258 1911 siccitate
1278 1854 1398 1929 terrae,
1418 1869 1503 1932 quae

297 1972 338 2038 10
361 1970 534 2036 modicum
553 1969 661 2035 habet
677 1971 720 2036 de
738 1970 863 2052 forma,
884 1971 1020 2037 ratione
1038 1971 1318 2059 ponderositatis,
1341 1973 1505 2038 acatium

359 2119 401 2162 ex
431 2096 626 2184 frigiditate
656 2119 775 2181 aquae.
804 2096 886 2162 ldec
910 2096 1012 2163 homo
1037 2097 1304 2164 melancholicus
1329 2106 1380 2164 est
1404 2099 1504 2165 valde

359 2222 511 2303 mobilia,
543 2228 577 2287 at
607 2221 725 2288 infima
753 2222 910 2309 cogitans
935 2231 970 2289 et
993 2224 1229 2312 turpitudines
1253 2230 1287 2289 et
1307 2226 1450 2310 malum,
1469 2232 1504 2291 et

359 2347 428 2412 cito
448 2354 607 2413 movetur
625 2347 669 2412 ad
688 2348 790 2431 iram,
814 2351 949 2414 ratione
971 2349 1156 2436 parvitatis
1184 2349 1329 2421 formae.
1351 2357 1385 2415 et
1404 2350 1502 2416 tarde

358 2471 462 2538 habet
478 2473 659 2561 placitum,
679 2481 714 2540 et
733 2473 866 2541 ratione
884 2472 1091 2561 frigiditatis
1110 2482 1161 2540 est
1181 2497 1304 2543 avarus
1324 2483 1358 2542 et
1387 2476 1499 2564 piger,

294 2604 334 2667 15
358 2621 397 2663 ao
417 2598 499 2684 quia
518 2622 588 2665 non
607 2599 797 2687 participat
813 2621 891 2666 cum
911 2600 1097 2667 caliditate.

928 2794 956 2801 —-
971 2794 991 2800 -.
1001 2794 1489 2804 --—--—-———-———-—-

450 2884 547 2949 reip.
563 2850 621 2935 xe.
636 2883 676 2933 rc
740 2882 943 2934 aoraanoa

484 4580 558 4620 Bnuur
577 4581 632 4630 opp.
645 4583 685 4620 tat.
697 4581 741 4622 ΙΙΙ.
