3488 5108
703 417 747 460 DE
766 416 881 461 RERVM
904 417 1078 462 Pnlnclrns
1100 416 1173 461 ETO.
1450 403 1509 462 521

364 572 589 638 assertionem
621 571 809 638 ‘contraria
839 582 921 639 sunt
951 573 1041 638 circa
1071 570 1187 638 idem'.
1217 571 1399 638 Caliditati
1429 593 1510 658 ergo

364 700 499 764 maniae
519 705 553 762 et
573 698 737 780 siccitati,
763 721 802 763 eo
825 705 928 785 pacto
952 719 1021 784 quo
1041 697 1186 763 calidam
1215 704 1250 763 et
1279 698 1404 764 siccam
1434 718 1510 762 earn

364 823 476 889 dicere
499 845 695 910 possumus,
716 846 787 889 non
811 824 1043 889 contrariatur
1061 823 1238 911 frigiditas
1263 830 1297 889 et
1320 823 1510 889 humiditas

365 972 492 1035 aquae,
522 972 633 1034 neque
670 949 872 1037 propriatur
906 948 1064 1016 caliditas
1093 956 1128 1014 et
1157 948 1294 1016 siccitas
1328 950 1421 1036 ignis
1454 948 1510 1016 vel

320 1076 340 1140 5
364 1074 491 1157 thuris,
521 1076 576 1140 vel
612 1074 770 1142 caliditas
804 1074 946 1157 moschi,
968 1074 1027 1142 sed
1050 1075 1141 1141 forte
1171 1075 1240 1142 alia
1264 1074 1421 1140 caliditas
1445 1073 1509 1140 sub

364 1200 432 1265 alia
461 1199 587 1286 specie,
609 1199 705 1265 cuins
735 1200 875 1286 proprie
898 1200 944 1266 sit
972 1199 1179 1286 refrigerare
1207 1200 1244 1266 in
1273 1199 1338 1266 hoc
1366 1221 1447 1265 casu
1475 1206 1511 1265 et

364 1324 567 1391 confortare.
587 1324 687 1388 Licet
707 1346 788 1409 ergo
806 1324 958 1390 maniam
974 1325 1149 1412 appellare
1163 1324 1332 1413 possimus
1351 1323 1510 1389 morbum

364 1449 493 1514 siccum
512 1455 546 1514 et
566 1448 730 1532 calidum,
751 1449 834 1535 quia
858 1449 944 1517 facit
966 1450 1184 1537 suppositum
1203 1451 1421 1531 inconstans,
1441 1470 1509 1514 mo·

364 1575 445 1656 bile,
477 1574 592 1656 velox,
622 1573 808 1659 furiosum,
838 1579 873 1639 et
903 1575 1091 1641 secundum
1124 1575 1397 1662 complexionem
1425 1572 1510 1638 refe·

300 1709 341 1773 10
363 1708 497 1765 rentem
521 1697 784 1785 dispositionem
808 1699 918 1785 ignis;
938 1722 1009 1766 non
1032 1708 1150 1766 tamen
1173 1699 1279 1765 habet
1303 1699 1451 1765 calorem
1475 1705 1511 1763 et

362 1825 553 1890 siccitatem
573 1824 761 1890 secundum
777 1823 960 1890 univocam
981 1825 1151 1890 rationem
1166 1847 1244 1890 cum
1261 1824 1373 1890 calore
1391 1830 1426 1889 et
1445 1823 1508 1889 sio·

363 1951 467 2016 citate
486 1950 593 2036 ignis,
619 1948 678 2016 sed
702 1971 842 2036 prorsus
867 1950 1104 2034 aequivocanr;
1129 1950 1226 2016 illam
1249 1949 1380 2036 optime
1403 1947 1509 2036 repri-

363 2084 464 2142 munt
494 2083 529 2141 et
557 2083 821 2163 contemperant
850 2075 934 2141 haec
966 2074 1161 2162 fragrantia
1193 2082 1228 2141 et
1260 2073 1507 2158 confortativa,

363 2224 466 2287 quam
497 2201 628 2267 cerebri
659 2201 803 2288 spiritus
833 2201 1020 2267 existentes
1050 2202 1054 2289 Ι
1085 2200 1297 2283 confortant,
1329 2199 1509 2283 roborant,
1534 2207 1626 2270 42⁹

298 2331 339 2395 lb
362 2327 412 2391 ita
431 2333 469 2391 nt
490 2325 533 2391 ad
553 2325 760 2412 egerendam
780 2326 991 2391 contrariam
1006 2335 1040 2391 et
1055 2325 1289 2392 innaturalem
1306 2324 1509 2411 erynnicam

363 2452 460 2517 illam
490 2459 621 2539 pestem
652 2452 722 2516 sint
747 2450 969 2538 potentiores.
997 2451 1136 2536 Ubique
1165 2449 1257 2516 enim
1288 2456 1416 2516 natura
1439 2471 1509 2515 non

362 2576 515 2642 vincitur
534 2600 554 2641 a
574 2576 772 2660 contrariis,
793 2599 905 2662 neque
924 2575 1078 2642 vincitur
1097 2575 1165 2641 nisi
1186 2574 1382 2658 debilitata,
1397 2596 1509 2660 neque

362 2701 429 2766 nisi
455 2702 615 2767 roborata
644 2701 817 2767 contraria
845 2701 998 2788 repellit,
1020 2708 1055 2767 et
1083 2701 1146 2767 hoc
1177 2699 1429 2767 observandum
1457 2707 1510 2766 est

361 2828 399 2891 in
418 2827 577 2892 omnibus
597 2827 852 2912 curationibus,
867 2827 1007 2913 nequid
1026 2827 1217 2892 adducatur
1237 2825 1328 2911 quod
1347 2833 1507 2892 naturam

294 2962 339 3024 ‘20
361 2951 532 3035 debilitet,
550 2960 584 3017 et
604 2952 903 3039 praetermittatur
928 2952 1018 3039 quod
1038 2974 1113 3017 eam
1132 2950 1273 3016 reliciat.

695 3215 751 3280 De
786 3222 877 3279 aare
912 3236 979 3280 seu
1015 3213 1177 3300 spiritu.

451 3455 602 3541 Spiritus
622 3453 767 3519 subinde
787 3459 839 3519 est
855 3451 1022 3539 quaedam
1041 3450 1237 3518 substantia
1256 3474 1319 3538 per
1342 3476 1378 3518 se
1398 3454 1507 3520 mobi-

361 3582 422 3661 lis,
444 3580 534 3645 unde
551 3587 665 3645 motus
686 3579 887 3665 corporibus
914 3577 1114 3665 compositis
1144 3585 1179 3642 et
1208 3577 1431 3645 sensibilibus
1460 3579 1508 3645 lo·

362 3706 445 3771 calis
464 3706 575 3770 omnis
592 3711 740 3770 emanat.
759 3704 805 3769 Et
824 3703 868 3768 ad
886 3702 977 3768 hanc
994 3725 1078 3768 sane
1096 3709 1259 3768 naturam
1277 3705 1507 3771 necessarium

294 3837 337 3900 25
362 3840 414 3897 est
433 3831 606 3913 devenire,
624 3852 729 3915 quam
746 3830 846 3895 Plato
864 3829 1015 3896 animam
1034 3827 1200 3916 appellat;
1218 3835 1253 3893 et
1269 3827 1372 3894 aliam
1393 3837 1507 3895 motus

362 3957 467 4022 maris
486 3963 520 4021 et
540 3956 628 4022 ae'ris
647 3955 818 4021 rationem
838 3954 1006 4020 adducere
1025 3976 1095 4020 non
1113 3975 1295 4041 possumus
1315 3975 1428 4039 neque
1446 3953 1508 4019 fin-

361 4104 458 4167 gere,
476 4087 718 4168 praeterquam
731 4082 760 4147 si
772 4081 879 4146 verba
897 4079 972 4145 sine
984 4079 1157 4145 sententia
1169 4100 1264 4143 more
1276 4078 1508 4165 sophistarum

362 4206 571 4293 profundere
590 4205 777 4293 cupiamus.
800 4204 900 4283 Quod
919 4204 1011 4270 enim
1030 4203 1067 4268 in
1091 4203 1192 4269 nobis
1211 4203 1354 4289 sanguis
1383 4210 1418 4268 et
1448 4201 1509 4268 alii

372 4378 508 4386 ——.

456 4469 471 4517 4
488 4472 517 4518 ot
530 4483 546 4514 s
561 4485 577 4516 u
593 4444 709 4518 siccitas
722 4464 800 4531 iguis
812 4464 859 4517 vel
874 4484 890 4516 a
905 4484 921 4516 s
933 4463 963 4514 M

497 4573 574 4613 Bassi
592 4571 648 4621 Opp.
663 4571 704 4610 lut.
720 4569 766 4610 111.
