3488 5108
296 387 358 447 370
738 398 879 446 mansur
900 398 1003 443 snum

297 568 504 646 perseveret.
534 558 615 625 Non
640 566 823 646 propterea
857 565 974 625 tamen
1004 579 1148 645 corpora
1180 555 1439 638 distrahuntur,

299 684 360 750 sed
383 706 518 771 semper
545 691 620 751 tum
644 683 682 750 in
710 684 877 751 circulum
907 682 1113 770 regulariter
1143 682 1275 748 caelum
1295 703 1354 748 seu
1374 681 1440 764 sol,
1464 676 1556 740 48²
1571 675 1609 740 0

298 816 375 877 tum
403 808 591 876 secundum
609 816 742 876 rectum
761 809 932 877 elementa
954 808 1074 893 aequis
1097 814 1132 874 et
1150 806 1367 894 regularibus
1390 828 1443 872 ra-

301 934 457 1003 tionibus
475 940 668 1000 moventur.

254 1131 275 1196 5
519 1157 636 1207 Quomodo
651 1158 676 1197 ln
691 1158 757 1199 rebus
772 1158 926 1198 circulatione
941 1158 1064 1199 necessitas
1079 1158 1220 1199 inveniatur.

386 1330 421 1370 m.
445 1309 535 1375 Cum
557 1307 734 1375 videamus
754 1306 954 1375 continuem
978 1307 1304 1374 transmutationem
1328 1315 1362 1374 et
1385 1307 1442 1373 de·

299 1435 398 1503 finite
420 1433 485 1500 hoc
506 1440 587 1521 post
609 1433 687 1515 hoc,
707 1454 831 1519 nempe
849 1430 1079 1498 determinata
1096 1439 1176 1518 post
1195 1430 1441 1529 determinata,

207 1542 210 1549 ⁵
299 1559 456 1645 sequitur
479 1555 782 1640 considerandum,
806 1578 852 1622 an
871 1556 1040 1642 quaedam
1064 1556 1136 1623 sint
1158 1579 1200 1622 ex
1223 1556 1442 1643 necessitate,

299 1709 345 1753 an
364 1685 494 1768 omnia,
514 1707 560 1751 an
578 1683 683 1749 nulla.

235 1813 277 1875 10
387 1828 437 1868 oa·
454 1808 554 1886 Quod
582 1805 750 1894 quaedem
777 1806 885 1891 fiunt,
916 1805 1141 1873 manifestum
1178 1830 1250 1874 esse
1285 1807 1444 1891 videtur,

300 1932 578 2022 quandoquidem
598 1954 640 1997 ex
659 1930 898 1997 determinatis
918 1931 1029 1998 causis
1047 1931 1092 1998 ad
1111 1931 1381 1999 determinatum
1398 1931 1446 1998 ef-

300 2059 429 2126 fectum
448 2056 714 2144 respicientibus
738 2078 780 2121 ex
802 2055 1006 2122 necessitate
1031 2056 1198 2142 quaedam
1222 2063 1443 2143 generantur.

302 2185 350 2249 At
372 2204 453 2250 vero
477 2203 548 2247 non
571 2180 621 2247 sic
645 2182 683 2245 in
703 2179 862 2246 omnibus
881 2187 932 2246 est
951 2179 1232 2267 imaginandum,
1251 2188 1334 2247 sunt
1352 2179 1445 2246 enim

302 2307 486 2395 quaedam,
507 2326 653 2391 quorum
676 2303 868 2370 necessario
892 2310 944 2369 est
962 2304 1074 2371 versio
1097 2304 1298 2388 eorundem,
1321 2327 1446 2392 nempe

239 2437 280 2502 15
304 2456 347 2500 ne
366 2432 412 2498 sit
429 2429 593 2518 possibile
612 2428 713 2495 aliter
732 2451 767 2494 se
785 2427 926 2511 habere,
947 2427 1116 2514 quaedam
1135 2451 1217 2496 vero
1238 2452 1317 2496 non.

389 2575 425 2614 m·
461 2554 612 2621 Proinde
643 2553 856 2640 distinguere
889 2561 1026 2640 oportet
1059 2554 1232 2641 duplicem
1265 2554 1447 2621 necessita—

303 2688 387 2763 tem,
407 2677 655 2746 considerando
675 2678 834 2760 alteram,
854 2699 942 2763 quae
972 2686 1023 2744 est
1042 2702 1062 2744 a
1081 2701 1184 2746 causa
1202 2678 1247 2746 ad
1265 2678 1444 2764 effectum,

301 2814 341 2872 ut
359 2803 622 2891 approximante
641 2804 711 2870 sole
730 2802 773 2868 ad
791 2804 957 2870 verticem
981 2805 1105 2892 capitis
1124 2806 1234 2872 nostri
1252 2807 1444 2873 necessario

302 2931 458 3016 sequitur
478 2929 632 3012 effectum
653 2936 728 2995 eta
754 2929 883 2995 talibus
911 2928 1091 2995 effectibus
1120 2930 1163 2995 ad
1191 2954 1312 2997 causas
1339 2932 1444 2998 etiam

235 3061 279 3122 20
300 3054 492 3120 necessaria
511 3061 562 3120 est
581 3053 792 3136 consecuti03
817 3054 846 3119 si
876 3054 968 3119 enirn
997 3053 1069 3120 dies
1098 3062 1163 3138 est,
1197 3063 1231 3120 et
1265 3056 1317 3122 sol
1345 3080 1449 3144 supra

301 3179 479 3245 horizonte
497 3186 663 3244 movetur.
684 3178 727 3243 In
746 3178 951 3265 quibusdam
974 3200 1056 3244 vero
1087 3179 1272 3246 necessitas
1303 3187 1443 3247 tantum

302 3312 354 3370 est
373 3304 416 3369 ab
435 3303 561 3369 effectu
579 3302 623 3368 ad
647 3309 802 3385 causem3
827 3310 879 3387 ut,
910 3303 939 3367 si
967 3303 1088 3369 domus
1118 3311 1184 3386 est,
1216 3303 1445 3370 fundamenta

267 3449 271 3455 ·
303 3437 403 3514 sunt,
424 3428 630 3494 domifactor
647 3427 733 3511 fuit,
761 3450 831 3494 non
858 3434 974 3494 eutem
993 3451 1035 3492 ex
1054 3428 1291 3494 fundamentis
1320 3429 1444 3515 positis

302 3555 423 3622 domus
442 3556 557 3642 posita
574 3561 752 3642 perpetuo.
772 3554 826 3618 Ita
847 3559 899 3619 est
915 3554 951 3618 in
965 3554 1188 3640 generatione
1204 3562 1239 3620 et
1256 3556 1445 3642 corruptio·

237 3691 281 3754 25
305 3703 361 3763 ne,
382 3689 421 3746 ut
451 3680 487 3744 in
518 3678 724 3766 quibusdam
753 3679 990 3744 convertibilis
1021 3679 1068 3744 sit
1095 3680 1294 3762 necessitas,
1314 3680 1352 3745 in
1372 3680 1446 3765 qui-

304 3803 450 3871 busdam
468 3827 557 3887 non;
578 3812 612 3870 et
631 3812 814 3892 propterea
838 3804 1052 3890 quorundam
1072 3805 1246 3891 reciproca
1276 3805 1322 3871 sit
1346 3829 1447 3892 gene-

303 3930 410 4014 rati0,
431 3930 647 4015 quorundam
666 3952 841 3995 veronen.

390 4077 423 4115 cs.
449 4057 556 4120 Porro
584 4055 669 4121 haec
695 4054 881 4120 necessitas
906 4076 1086 4119 causarum
1117 4054 1161 4120 ad
1184 4054 1325 4120 effectus
1349 4062 1384 4120 et
1403 4055 1448 4119 ef·

303 4184 461 4250 foetuum
494 4180 538 4246 ad
568 4202 686 4246 causas
715 4202 785 4246 non
813 4178 927 4245 tendit
956 4179 993 4244 in
1023 4179 1199 4244 infinitum
1228 4180 1266 4244 in
1293 4179 1449 4266 superius

240 4314 285 4375 30
307 4330 419 4392 neque
447 4306 484 4370 in
514 4305 702 4392 posterius,
728 4303 795 4369 nisi
818 4326 857 4369 eo
881 4304 982 4370 modo
1010 4326 1077 4388 quo
1101 4304 1248 4370 circulus
1272 4304 1449 4371 infinitum

306 4431 479 4518 quoddam
511 4438 562 4495 est
593 4452 630 4494 ea
656 4429 802 4512 ratione,
827 4451 894 4513 qua
919 4428 1084 4515 quicquid
1107 4430 1224 4517 capias
1248 4430 1284 4494 in
1308 4452 1347 4496 eo
1376 4438 1451 4497 tan·
