3488 5108
692 421 737 467 DE
756 419 871 467 RERVM
892 419 1068 466 ramanus
1088 420 1159 465 ETO.

664 940 727 1005 DE
763 939 970 1008 VIRTVTE
1006 939 1194 1007 GESTVS.

447 1329 489 1393 In
508 1335 609 1415 gestu
629 1327 734 1393 etiam
752 1326 862 1392 multa
882 1332 933 1392 est
950 1332 985 1391 et
1003 1325 1153 1391 maxima
1176 1323 1266 1391 ratio
1285 1329 1320 1389 et
1338 1347 1409 1391 non
1430 1348 1496 1392 me-

358 1450 472 1517 diocre
505 1452 715 1540 principium
752 1451 1036 1539 prognosticandi
1072 1472 1131 1517 seu
1167 1451 1494 1538 praecognoscendi,

359 1584 474 1643 stante
497 1579 557 1643 illo
576 1577 749 1666 principio
773 1576 865 1663 quod
888 1599 936 1641 ex·
953 1575 1114 1642 omnibus
1138 1575 1443 1642 circumstantibus
1462 1583 1497 1643 et

315 1711 335 1774 5
359 1702 672 1769 concomitantibus
702 1725 883 1791 possumus
912 1702 1068 1791 accipere
1090 1700 1264 1790 principia
1286 1701 1496 1785 huiusmodi,

360 1828 441 1913 quia
460 1851 513 1892 res
531 1828 633 1895 rebus
651 1828 860 1916 respondent
884 1835 918 1893 et
938 1829 1054 1894 omnia
1070 1827 1244 1894 naturalia
1259 1833 1294 1892 et
1310 1849 1397 1915 quae
1416 1834 1498 1893 sunt

359 1951 396 2017 in
411 1952 543 2039 gremio
562 1960 707 2040 naturae
722 1961 758 2019 et
773 1953 810 2018 in
825 1953 914 2019 facie
930 1952 1159 2036 sensibilium,
1171 1958 1212 2017 ut
1226 1955 1307 2017 sunt
1324 1951 1500 2018 coordina-

359 2086 407 2165 ta,
428 2080 478 2145 ita
496 2078 626 2146 habent
644 2080 749 2145 etiarn
769 2078 943 2165 quandam
973 2077 1313 2166 correspondentiam
1333 2083 1368 2143 et
1387 2077 1498 2144 consi·

358 2206 631 2292 gnificationem,
658 2206 740 2272 licet
767 2212 886 2272 exacte
909 2205 1025 2272 omnia
1049 2227 1255 2294 cognoscere
1280 2227 1322 2270 ex
1341 2204 1500 2272 omnibus

296 2345 337 2408 10
358 2355 429 2399 non
458 2354 638 2421 possumus
665 2338 807 2421 propter
839 2332 1044 2398 mediocrem
1068 2330 1333 2419 experientiam,
1364 2337 1399 2396 et
1417 2330 1499 2416 quia

359 2459 460 2545 pauci
479 2459 634 2524 animum
665 2458 864 2541 advertunt,
886 2458 1087 2543 observant,
1107 2463 1241 2523 notant.
1267 2455 1360 2522 Hinc
1387 2455 1461 2521 vidi
1480 2479 1500 2521 a

360 2583 507 2671 quodam
528 2584 661 2649 medico
685 2583 909 2672 compilatum
927 2583 1102 2666 libellum,
1121 2583 1158 2649 in
1179 2605 1246 2668 quo
1269 2581 1421 2670 prudens
1440 2580 1499 2647 ille

359 2709 423 2776 hoc
442 2717 556 2777 stante
579 2710 753 2798 principio
783 2710 826 2776 ad
845 2717 954 2776 artem
973 2732 1070 2777 suam
1102 2711 1338 2798 applicaverat
1356 2708 1499 2775 titulum

359 2835 460 2901 huius
479 2835 780 2917 considerationis,
805 2836 862 2901 De
884 2836 1041 2902 virtute
1071 2842 1225 2923 gestus,
1251 2835 1497 2902 considerando

295 2978 336 3041 15
359 2961 520 3027 videlicet
544 2962 714 3046 habitum,
728 2968 870 3044 statum,
889 2962 1014 3045 solum,
1038 2961 1167 3045 locum,
1188 2962 1332 3027 verbum
1357 2962 1499 3028 circum-

360 3087 574 3173 stantiasque
595 3087 695 3170 alias,
716 3110 793 3154 cum
812 3093 954 3173 aegroto
979 3108 1056 3152 oum
1080 3086 1192 3174 primo
1211 3086 1265 3152 illi
1289 3097 1498 3171 occurreret,

360 3213 572 3300 subindeque
596 3238 693 3280 casus
716 3221 751 3279 et
774 3235 975 3296 successum,
1000 3221 1040 3279 ut
1064 3237 1152 3302 quae
1175 3214 1258 3280 haec
1282 3224 1381 3281 erant
1405 3211 1500 3280 diffe-

359 3340 471 3405 nentia
491 3341 527 3405 in
547 3339 703 3425 diversis,
724 3361 821 3406 casus
844 3340 949 3405 etiarn
969 3338 1196 3425 aegritudinis
1220 3345 1319 3405 erant
1342 3338 1500 3407 differen-

360 3475 420 3552 tes,
437 3474 475 3532 ut
489 3468 655 3553 quaedam
675 3466 932 3552 convenientia,
946 3466 1086 3552 quidam
1103 3466 1363 3549 convenientes;
1381 3467 1499 3554 itaque

295 3605 339 3668 20
361 3615 402 3657 ex
426 3593 500 3680 iugi
523 3617 586 3659 usu
616 3601 650 3659 61
673 3592 905 3680 applicatione
928 3590 1068 3678 collegit
1088 3591 1256 3678 quaedam
1276 3592 1499 3677 universalia,

360 3741 482 3807 nempe
500 3720 677 3785 verificata
700 3719 737 3784 in
759 3718 919 3806 plurimis
936 3718 992 3784 vel
1010 3717 1168 3804 pluribus
1191 3718 1247 3783 vel
1271 3717 1445 3804 omnibus,
1463 3727 1502 3785 ut

360 3844 425 3910 hac
444 3845 516 3912 sola
533 3852 633 3933 parte
651 3844 791 3910 habitus
810 3843 916 3911 fuerit
934 3865 1087 3911 summus
1105 3843 1266 3911 medicus.

450 3971 591 4036 Habent
608 3976 791 4035 venatores
811 3969 978 4056 quaedam
997 3968 1208 4035 universalia
1225 3992 1266 4034 ex
1286 3970 1501 4054 occursibus,

363 4095 489 4182 quibus
512 4119 620 4184 usque
644 4118 683 4162 eo
706 4095 975 4184 progrediantur
997 4101 1037 4162 ut
1061 4095 1199 4163 domum
1225 4100 1446 4162 revertantur
1468 4100 1504 4161 et

457 4413 613 4480 'lgracmio
631 4413 663 4464 Μ
725 4414 755 4465 14
777 4414 818 4466 Da
835 4414 945 4466 virtute
964 4413 1075 4484 gestus]
1096 4413 1127 4465 16
1146 4431 1232 4481 nrarq.
1253 4431 1302 4465 coo
1323 4410 1455 4465 rictionw
1474 4411 1506 4463 Μ

365 4496 395 4550 16
411 4494 490 4547 11611
553 4495 583 4546 11
601 4501 633 4546 111
646 4495 730 4564 quae}
744 4499 778 4547 ut
791 4493 1053 4564 (111116666616116
1115 4495 1147 4546 Ἠ
1156 4497 1237 4562 forse
1249 4494 1337 4547 artat
