3488 5108
292 361 351 419 226
735 370 873 418 rounam
895 371 996 416 savar

293 537 344 596 est
363 530 401 595 in
419 529 539 595 ordine
554 528 780 612 substantiam
796 528 982 616 duplicem,
997 536 1037 594 ut
1053 550 1175 596 manus
1190 536 1242 595 est
1258 529 1295 594 in
1311 528 1432 594 ordine

293 656 519 740 substantiae,
549 655 646 722 cuius
675 661 728 721 est
754 677 849 743 pars,
881 661 921 720 ut
947 653 1230 738 instrumentum,
1263 662 1432 741 quatenus

292 781 368 869 ipsa
390 779 523 866 aliquid
544 780 548 868 Ι
569 779 622 862 fit;
644 779 884 867 multiplicem,
915 787 954 846 ut
986 780 1233 846 demonstratio
1253 779 1430 868 explicita,
1458 784 1576 849 192ν

293 912 447 992 quaeest
464 905 502 971 in
520 905 640 971 ordine
664 905 774 992 signi,
793 912 833 970 ut
853 905 1062 993 implicitum
1081 912 1324 992 argumentum
1343 905 1431 971 indi-

248 1037 269 1101 ὅ
294 1037 359 1098 cat.
372 1031 436 1097 Eat
450 1031 556 1097 etiam
576 1031 614 1096 in
632 1030 752 1096 ordine
772 1030 1006 1114 instrumenti,
1021 1037 1061 1097 ut
1076 1053 1138 1119 per
1153 1031 1264 1119 ipsam
1280 1030 1433 1098 intellec·

292 1163 348 1223 tus
367 1157 453 1222 scire
485 1156 540 1222 vel
560 1155 797 1221 demonstrare
825 1155 962 1221 nititur,
981 1155 1045 1240 Est
1077 1155 1217 1222 tandem
1246 1157 1284 1222 in
1312 1155 1432 1223 ordine

292 1280 496 1347 intentionis
515 1282 725 1368 complexae,
747 1281 829 1367 quia
849 1280 1021 1366 quoddam
1050 1281 1202 1368 logicum
1220 1290 1282 1349 es't.
1307 1282 1432 1366 Itaque

292 1405 528 1471 definitionem
544 1404 654 1493 ipsius
670 1406 866 1493 ingreditur
881 1406 1033 1492 signum,
1051 1406 1214 1490 intentio,
1227 1407 1432 1473 instrumen-

293 1538 378 1596 tum.
393 1531 475 1596 Pari
494 1531 668 1616 similique
687 1532 821 1598 ratione
844 1530 1179 1616 examinandumque
1197 1530 1433 1598 iudicandum·

228 1664 272 1728 10
294 1679 360 1742 que
378 1663 430 1722 est
447 1658 488 1722 de
503 1657 672 1723 omnibus.

466 1898 632 2024 cinon
673 1944 944 2023 Annaeum
986 1943 1260 2024 uernans

381 2214 503 2302 Itaque
526 2215 668 2301 cognita
690 2215 947 2302 propositorum
966 2212 1230 2301 significatione,
1246 2213 1348 2280 facile
1368 2217 1434 2282 erit

294 2339 464 2426 quidlibet
483 2340 628 2407 definire
647 2342 835 2407 secundum
854 2347 964 2406 artem
983 2341 1081 2407 iuxta
1104 2341 1255 2408 rationes
1273 2365 1293 2407 a
1310 2342 1433 2429 primis

294 2488 402 2552 usque
420 2466 464 2531 ad
487 2466 611 2531 ultima
633 2488 770 2552 genera.
799 2467 905 2532 Porro
925 2465 1143 2532 definitiones
1172 2466 1434 2554 specialissima-

229 2594 270 2660 15
294 2614 370 2658 rum
393 2591 584 2678 specierum
603 2591 799 2678 sigillatim,
820 2590 1083 2678 particularium
1106 2597 1188 2657 sunt
1211 2591 1433 2658 scientiarum

294 2717 481 2783 secundum
499 2715 676 2804 propriam
694 2715 806 2801 magis
825 2717 1003 2782 rationem.
1020 2716 1113 2782 Hinc
1128 2723 1246 2783 tamen
1262 2717 1434 2785 nihilomi-

293 2864 358 2907 nus
391 2843 488 2907 iuxta
526 2841 759 2908 conditionem
797 2841 962 2907 scientiae
999 2841 1205 2907 universalis
1249 2842 1337 2907 nihil
1377 2847 1429 2908 est

293 2966 517 3052 quantumvis
536 2967 720 3033 minimum
739 2973 774 3032 et
791 2968 988 3048 obscurum,
1009 2966 1100 3053 quod
1129 2965 1358 3033 sufficientem
1377 2992 1433 3033 ve-

293 3115 435 3178 ramque
463 3093 560 3184 (uon)
591 3094 718 3160 habeat
751 3093 998 3159 definitionem.
1031 3093 1110 3157 Nou
1145 3115 1232 3179 opus
1267 3101 1319 3159 est
1351 3115 1433 3180 ergo

228 3220 272 3282 20
294 3218 507 3305 distinguere
526 3242 580 3302 ea,
601 3242 689 3303 qnae
709 3219 866 3306 superius
890 3219 1053 3284 distincta
1077 3226 1162 3283 sunt
1186 3240 1341 3303 quaeque
1356 3241 1432 3305 pro·

293 3345 386 3431 prias
405 3346 566 3411 obtinent
584 3346 732 3412 arbores.

382 3469 564 3537 Caeterum
576 3471 620 3536 ad
630 3473 896 3558 propinquiores
908 3469 1109 3563 (vertendas)
1127 3470 1349 3554 differentiae,
1367 3470 1434 3535 alin

297 3597 526 3663 definibilium
545 3599 700 3664 membra
718 3620 972 3686 persequamur.

387 3890 400 3937 l
417 3888 487 3951 dopo
503 3889 685 3939 substantiae
705 3887 824 3938 cancella
840 3888 924 3937 cuius
937 3892 1073 3951 estpars,
1089 3891 1119 3936 et
1135 3884 1322 3936 instrumenti
1338 3883 1434 3949 (sic)-

294 3968 480 4032 multiplicem
501 3971 535 4033 (u.
558 3970 583 4018 2.
601 3971 629 4034 3)
656 3969 679 4017 A
761 3969 844 4020 cilina
866 3970 894 4018 lc
910 3965 1006 4033 prima
1024 3968 1096 4017 volta
1118 3967 1166 4030 A1,
1187 3984 1200 4016 e
1221 3967 1249 4016 la
1271 3966 1386 4016 reconda
1408 3968 1431 4015 A

292 4049 353 4098 304
369 4049 512 4113 explicata
524 4065 538 4098 c
551 4050 728 4114 implicatum
737 4051 767 4098 M
829 4051 844 4099 5
859 4055 900 4109 ut]
911 4055 940 4099 et
952 4048 986 4099 Αἱ
1048 4052 1064 4096 9
1078 4046 1348 4112 examinanduuquc
1357 4047 1433 4114 judi·

293 4130 463 4193 candunquc
480 4129 500 4196 (j
519 4132 602 4194 corr.)
617 4129 654 4179 A:
675 4130 897 4180 examinandum
915 4138 944 4178 et
961 4129 1147 4180 iudicandum
1164 4128 1195 4177 M
1257 4131 1287 4178 ll
1305 4144 1433 4178 norisne

294 4226 370 4262 cruca
395 4226 565 4261 arcaniorem
587 4226 712 4260 annonari
734 4210 766 4260 M
826 4211 856 4260 17
873 4217 917 4260 est
934 4210 1006 4260 nihil
1023 4216 1068 4259 ast
1087 4208 1122 4258 Α1
1185 4210 1432 4275 18.19vernmquo

293 4290 643 4341 correctoenoaeliiarorl
708 4293 738 4341 19
754 4306 812 4340 non
824 4308 873 4340 oni.
888 4289 911 4338 A
976 4288 1170 4341 conditionem
1184 4289 1381 4339 definitionem
1398 4291 1432 4338 Al

292 4372 324 4421 22
339 4372 484 4421 venandae
501 4369 635 4436 supplirce
647 4371 679 4420 M
687 4409 692 4432 ,
705 4387 748 4421 ma
762 4370 861 4421 &lecito
872 4370 995 4435 ruprplire
1012 4367 1041 4419 in
1058 4369 1131 4419 nrolti
1147 4369 1216 4419 altri
1231 4367 1316 4420 arodi:
1335 4370 1432 4419 lacuna

294 4450 323 4501 di
336 4458 444 4517 quadro
456 4468 471 4500 o
481 4452 573 4517 cinque
587 4453 675 4503 letare
687 4449 716 4501 in
727 4449 750 4500 A
813 4453 844 4502 23
860 4466 1067 4520 prosequamur
1079 4450 1111 4500 M
