3488 5108
294 414 354 474 512
736 430 876 476 icantur
895 429 998 474 enum

293 589 386 676 ignis
401 614 471 657 non
488 591 661 675 nominat,
679 590 738 658 sed
754 590 947 656 sufficiebat
962 589 1014 655 illi
1030 588 1159 655 dixisse
1173 590 1261 656 lucis
1277 597 1313 656 et
1328 614 1439 677 aquae

293 738 353 781 seu
372 717 504 803 abyssi,
524 717 642 804 ignem
659 738 739 783 vero
761 715 929 802 intelligit
948 714 1180 781 substantiam
1199 717 1436 803 compositam,

291 862 361 906 non
385 847 500 908 autem
523 841 753 930 principium;
784 841 875 906 unde
904 841 965 907 lux
992 839 1063 905 fuit
1085 841 1199 927 primo
1229 841 1437 929 productum

291 972 371 1052 post
400 966 659 1033 consistentiam
684 967 802 1052 abyssi
831 972 866 1030 et
895 964 1053 1053 spiritus,
1084 972 1119 1031 et
1142 965 1186 1032 ad
1216 967 1349 1053 primae
1367 967 1437 1034 diei
1493 942 1500 955 .

248 1091 269 1152 5
292 1114 378 1179 opus
396 1092 557 1178 refertur,
578 1093 671 1178 ignis
687 1115 769 1158 vero
786 1092 847 1178 qui
866 1097 918 1157 est
937 1091 999 1174 sol,
1014 1113 1139 1179 nempe
1154 1091 1215 1156 lux
1233 1092 1382 1159 visibilis
1400 1093 1437 1158 in

292 1239 433 1304 corpore
462 1217 591 1301 lucido,
611 1224 664 1283 est
688 1240 774 1305 opus
799 1224 942 1303 quartae
966 1216 1044 1282 diei.
1065 1216 1111 1281 Et
1129 1216 1233 1282 talem
1255 1216 1372 1302 ignem
1391 1219 1435 1284 ab

293 1342 404 1428 aquis,
429 1350 468 1407 ut
491 1342 622 1408 dictum
652 1350 718 1427 est,
751 1364 822 1408 non
848 1342 1036 1428 distinguit
1063 1340 1202 1425 Moises,
1228 1340 1345 1407 stellas
1374 1365 1435 1430 ap·

292 1469 424 1555 pellens
455 1491 562 1554 aquas
595 1492 697 1556 super
732 1467 844 1535 caelos
876 1490 936 1534 seu
969 1468 1240 1552 firmamentum,
1270 1468 1365 1554 quia,
1396 1477 1436 1535 ut

292 1593 393 1659 modo
412 1598 571 1659 notatum
590 1601 655 1677 est,
675 1595 769 1681 ignis
789 1593 1066 1660 substantialiter
1085 1601 1137 1660 est
1156 1616 1262 1679 aqua3
1281 1595 1343 1660 ubi
1360 1594 1436 1661 nul-

229 1715 271 1778 10
293 1718 366 1783 lum
384 1717 581 1804 humidum,
602 1719 717 1785 nullus
735 1719 838 1807 ignis.

381 1843 457 1909 Hac
498 1850 612 1910 stante
655 1867 769 1909 rerum
807 1843 1086 1932 primordialium
1123 1843 1360 1929 distinctione,
1391 1843 1435 1910 ad

293 1968 582 2055 complementum
604 1968 841 2056 profundioris
864 1969 966 2034 huius
985 1968 1224 2056 philosophiae
1251 1977 1434 2054 (quatenus

292 2095 336 2160 ad
367 2096 561 2161 naturalem
593 2096 922 2182 contemplationem
951 2102 986 2160 et
1016 2096 1253 2182 operationem
1286 2102 1433 2184 spectat)

293 2223 601 2308 praetermittimus
626 2222 900 2310 metaphysicam
924 2223 1235 2289 considerationem
1254 2223 1296 2289 de
1319 2232 1434 2290 mente

228 2346 269 2410 15
293 2353 327 2411 et
346 2346 541 2431 intellectu,
562 2347 606 2413 ad
624 2349 831 2435 peculiarem
851 2348 956 2414 aliam
976 2347 1219 2414 tractationem
1243 2349 1435 2416 differimus

293 2473 620 2560 contemplationem
650 2473 692 2538 de
712 2474 838 2561 spiritu
870 2481 904 2540 et
924 2474 1052 2556 anima,
1077 2496 1172 2540 nuno
1202 2482 1339 2541 tantum
1357 2476 1435 2541 uni·

292 2598 439 2664 versalia
468 2621 710 2686 aggregamus,
739 2600 852 2686 primo
883 2600 975 2666 circa
1006 2600 1119 2666 lucem
1149 2602 1377 2667 communiter
1401 2609 1436 2667 et

291 2724 423 2810 ignem,
444 2747 660 2791 communem
682 2724 846 2812 loquendi
870 2727 1008 2792 modum
1038 2734 1260 2814 usurpantes3
1285 2727 1434 2793 secundo

293 2850 383 2915 circa
404 2851 563 2937 spiritum
585 2875 643 2917 seu
664 2859 807 2916 ventum
823 2875 881 2917 seu
900 2876 1025 2933 aerem,
1047 2853 1152 2919 etia-m
1176 2853 1240 2919 sub
1260 2853 1433 2918 communi
1452 2842 1454 2846 ’

224 2974 268 3035 ⁴20
291 2974 560 3060 significatione,
576 2978 678 3041 tortio
693 2977 782 3042 circa
796 3001 920 3062 aquam
933 3002 991 3043 scu
1004 3003 1166 3065 vaporem
1185 3002 1242 3044 seu
1260 2979 1432 3062 tenebras,

292 3101 413 3166 ultimo
434 3102 523 3166 circa
543 3110 669 3167 terram
689 3126 748 3167 scu
768 3103 910 3168 aridam.

681 3330 737 3393 De
761 3330 850 3393 luce
874 3335 912 3392 et
935 3328 1039 3414 igno.

378 3555 456 3616 Lux
474 3559 525 3616 cst
545 3554 591 3634 (1)
614 3550 809 3616 substantia
833 3549 1039 3636 spiritualis,
1066 3557 1111 3633 (n)
1135 3551 1348 3643 insensibilis
1373 3576 1433 3639 per

290 3704 338 3760 so,
359 3680 405 3761 (3)
425 3677 597 3743 sensibilis
617 3701 696 3743 vero
716 3699 778 3764 por
798 3677 1027 3743 substantiam
1048 3677 1238 3760 humidam,
1260 3680 1307 3762 (4)
1324 3686 1434 3745 totam

224 3803 267 3865 ‘25
291 3828 326 3868 sc
346 3804 603 3868 communicans
627 3808 662 3867 et
686 3802 896 3887 diffundens,
923 3805 968 3886 (b)
993 3802 1174 3867 innatum
1194 3803 1283 3868 sicca
1307 3805 1433 3886 latens,

291 3930 336 4012 ((3)
356 3929 393 3993 in
412 3928 552 3994 humido
572 3928 788 4015 explicabilis
813 3935 848 3992 et
872 3927 1059 4010 sensibilis,
1080 3930 1125 4010 (7)
1145 3928 1342 3995 vehiculum
1362 3954 1434 4017 spe·

383 4185 556 4249 bsollsffllll
602 4187 714 4234 esaa-
731 4194 774 4235 est
791 4187 917 4250 opusM1
970 4188 1248 4255 signisnon(?)M1
1301 4191 1330 4239 14
1347 4197 1434 4242 mcta-

290 4267 428 4332 phisicam
440 4266 472 4315 ,ll
533 4267 565 4315 ¹20
581 4267 793 4328 significatione
802 4267 834 4315 Μ
839 4260 852 4300 s
855 4268 902 4331 lii:
915 4267 1077 4329 significato
1088 4268 1118 4316 Μ
1122 4262 1133 4293 '¹
1197 4271 1236 4320 ⁴23.
1247 4271 1279 4319 26
1295 4270 1306 4319 ἱ
1319 4270 1431 4332 attareri,

291 4346 336 4395 che
351 4345 472 4395 «abbiamo
494 4345 582 4395 oliiusi
603 4347 633 4396 iu
649 4348 801 4410 parentari,
825 4348 869 4397 uel
888 4346 974 4397 codice
993 4365 1056 4398 sono
1074 4349 1250 4412 soprapposli
1267 4350 1319 4399 alla
1336 4352 1434 4415 parole

291 4427 468 4488 substantia,
484 4427 673 4490 insensibilis,
687 4426 833 4477 sensibilis
853 4434 898 4477 etc.
963 4430 994 4478 ‘25
1011 4446 1048 4491 aq.
1070 4428 1098 4478 ia
1114 4446 1200 4493 lirare.
1219 4432 1331 4481 Siccum
1356 4434 1432 4483 enim

293 4508 366 4556 dicit
381 4508 573 4557 substantiam
587 4508 740 4573 positivam
757 4509 791 4572 (t)
804 4508 946 4573 privative
961 4524 1011 4558 seu
1025 4511 1158 4573 negative
1170 4510 1200 4559 M
