3488 5108
596 442 727 489 canals
746 442 906 497 rarorum
928 440 1136 489 srarvaavu.
1380 421 1435 485 107

293 603 353 664 tet.
374 596 492 663 Prima
511 597 728 685 significatur
745 622 807 686 per
826 598 994 684 Coelium,
1015 601 1053 665 in
1077 622 1144 685 quo
1165 598 1311 685 triginta
1329 597 1440 663 notio·

294 744 355 788 nes
375 722 594 790 denotamus:

383 851 411 915 Ι.
436 851 501 917 Est
519 851 656 917 Coelius
675 853 802 937 nudus,
824 852 1025 940 significans
1048 854 1249 940 puritatem,
1275 853 1357 938 quia
1380 851 1439 917 bo

295 998 379 1042 num
403 976 531 1043 dicitur
551 979 556 1065 l
577 977 668 1063 quod
691 1000 831 1065 purum,
856 978 1170 1045 incontaminatum
1189 977 1381 1044 extrinseco
1405 985 1440 1043 et
1465 977 1581 1040 144‘

251 1102 273 1167 ὅ
296 1101 409 1167 alieno
428 1102 587 1189 apposito
606 1102 799 1187 adiacente,
820 1103 1007 1170 accidente.

385 1227 430 1291 II.
451 1228 515 1293 Est
534 1227 639 1312 solus,
658 1229 896 1313 incomitatus,
916 1229 959 1295 ad
974 1228 1239 1316 significandam
1256 1229 1441 1294 immixtio-

296 1375 387 1435 nem,
407 1353 489 1439 quia
507 1353 637 1420 bonum
661 1353 807 1420 dicimus
831 1353 952 1422 vinum
976 1362 1011 1420 et
1034 1355 1101 1438 lac,
1127 1354 1218 1442 qnod
1242 1362 1294 1420 est
1316 1375 1442 1441 purum

298 1486 333 1543 et
351 1501 497 1561 merum3
518 1501 606 1566 quae
631 1479 747 1546 unitas
772 1480 889 1547 differt
913 1481 1128 1567 quantitate,
1150 1480 1268 1546 differt
1296 1502 1316 1545 a
1345 1479 1443 1545 nudi-

297 1611 384 1687 tate,
406 1604 487 1690 quia
515 1605 655 1670 nuditas
675 1604 760 1671 dicit
790 1605 983 1672 bonitatem
1002 1629 1063 1693 per
1087 1605 1320 1672 exclusionem
1343 1603 1443 1670 indu·

233 1736 276 1802 10
299 1729 407 1794 manti
427 1728 671 1811 accidentium,
690 1731 807 1797 unitas
823 1730 910 1798 dicit
925 1731 1118 1798 bonitatem
1135 1754 1195 1819 per
1211 1730 1441 1797 exclusionem

298 1855 477 1922 mixtionis
495 1861 531 1921 et
550 1856 732 1923 alterantis
752 1856 1050 1923 concomitantiae.

387 1981 452 2047 Ill.
482 1981 545 2047 Est
576 1981 719 2067 quintae
750 1983 918 2049 essentiae
948 1981 1156 2064 substantia,
1187 1986 1226 2047 ut
1256 1981 1368 2063 aiunt,
1399 1979 1443 2045 ad

298 2105 490 2173 notandum
514 2107 707 2174 bonitatem
732 2131 773 2173 ex
791 2117 891 2198 parte
915 2107 1157 2195 simplicitatis.
1183 2104 1326 2172 Nullum
1351 2105 1443 2170 enim

299 2235 527 2322 compositum
547 2258 626 2302 vere
646 2235 853 2302 naturaliter
872 2236 1016 2318 bonurn,
1039 2235 1120 2320 quia
1139 2234 1176 2299 in
1195 2233 1290 2299 omni
1309 2254 1444 2319 compo·

234 2370 276 2436 15
299 2361 425 2427 sitione
444 2361 655 2449 intelligitur
677 2361 855 2449 potentiae
875 2372 909 2428 et
929 2361 1093 2426 materiae
1113 2367 1148 2426 et
1167 2358 1321 2425 defectus
1341 2380 1443 2445 quae·

300 2485 379 2553 dam
397 2487 500 2570 ratic,
522 2510 610 2573 quaa
629 2489 685 2554 vel
707 2488 877 2555 malitiam
897 2487 951 2552 vel
971 2486 1054 2552 boni
1073 2485 1306 2574 privationem
1329 2490 1443 2572 prote·

300 2620 422 2679 statur.

390 2739 448 2804 IV.
473 2737 610 2805 Coelius
630 2738 857 2804 immutabilis
878 2746 943 2821 est,
971 2760 1038 2824 quo
1063 2736 1202 2822 quidem
1221 2743 1322 2802 notat
1349 2735 1445 2802 boni·

300 2871 407 2930 tatem
428 2887 469 2929 ex
496 2872 595 2951 parte
626 2864 800 2947 veritatis;
825 2865 955 2931 bonum
986 2863 1078 2928 enim
1098 2869 1150 2929 est
1181 2863 1219 2927 in
1238 2884 1364 2949 genere
1392 2861 1446 2927 vel

233 2996 278 3060 20
301 2990 413 3076 specie
432 2991 487 3055 vel
507 3012 666 3072 munere,
688 2989 778 3075 quod
806 3012 925 3056 vorum
945 2997 997 3055 ast
1028 2989 1064 3053 in
1084 2988 1147 3053 tali
1167 3010 1306 3074 genere,
1334 2986 1446 3075 specie

301 3124 381 3198 etc.;
399 3115 490 3182 unde
510 3118 620 3183 bonus
640 3117 708 3199 leo,
727 3117 838 3182 bonus
858 3123 1041 3201 tyrannus,
1063 3115 1174 3181 bonus
1194 3136 1343 3201 serpens.

391 3243 431 3308 V.
457 3243 592 3308 Coelius
624 3250 675 3308 est
706 3243 830 3324 bonus,
863 3243 944 3327 quia
969 3266 988 3306 a
1016 3242 1107 3306 bono
1137 3239 1323 3327 principi03
1355 3237 1447 3304 unde

301 3368 492 3455 vulgariter
510 3368 640 3434 bonum
659 3368 788 3433 dicitnr
809 3367 972 3452 quicquid
993 3390 1010 3432 a
1032 3366 1104 3431 Deo
1121 3366 1265 3448 factum,
1287 3363 1447 3449 idemque

303 3501 353 3559 est
377 3493 546 3560 naturalis
566 3493 733 3560 bonitatis
756 3493 903 3575 rationc;
924 3493 1014 3559 sicut
1042 3491 1197 3557 malitiae
1220 3490 1310 3555 ratio
1343 3496 1447 3574 atque

234 3625 279 3688 25
303 3619 456 3685 defectus
487 3620 541 3685 vel
570 3619 799 3704 inordinati0‚
830 3640 918 3704 quae
950 3618 1121 3705 reperitur
1152 3618 1190 3680 in
1221 3614 1385 3681 monstris
1413 3621 1448 3679 et

304 3745 382 3811 aliis
406 3746 518 3811 eiusce
544 3745 683 3831 generis
714 3744 905 3810 defectibus
937 3742 991 3807 vel
1022 3742 1232 3824 excessibuS,
1259 3740 1302 3807 ad
1333 3762 1448 3806 casum

303 3872 358 3937 vel
374 3870 550 3938 fortunam
570 3872 624 3936 val
644 3877 771 3936 sortem
789 3868 996 3935 referuntur.

392 3995 451 4063 VI.
482 3996 617 4063 Coelius
647 3995 828 4063 inordina
859 4003 893 4061 et
917 3993 1119 4082 symmetria
1150 3992 1346 4073 stellarum,
1372 3996 1448 4056 tan-

400 4270 417 4319 8
441 4267 617 4334 quantitate,
645 4265 742 4317 differt
767 4282 815 4314 om.
842 4263 883 4313 M:
897 4264 975 4324 sorec
994 4262 1158 4330 quantitate
1178 4269 1198 4324 [,
1218 4259 1325 4327 differt]
1345 4273 1361 4307 a
1378 4258 1450 4308 etc?

305 4348 462 4415 12quintae
476 4349 632 4411 essentiae,
648 4347 829 4398 substantiae
841 4345 874 4394 Μ
936 4345 966 4394 14
984 4340 1049 4394 verb
1061 4342 1093 4393 Μ
1098 4358 1104 4391 :
1118 4340 1178 4393 fere
1190 4344 1244 4406 (mc
1257 4341 1284 4390 lc
1299 4339 1394 4389 lettera
1410 4338 1424 4387 f
1438 4336 1451 4386 ὲ

305 4430 471 4495 conatam
536 4430 567 4479 23
594 4428 609 4478 a
636 4429 695 4479 Deo
714 4427 752 4476 A:
777 4427 812 4477 ab
835 4443 868 4477 oo
887 4426 916 4476 ll
982 4426 1013 4476 24
1039 4423 1153 4474 ratione
1178 4413 1248 4489 (ro-a)
1266 4423 1304 4471 A:
1328 4421 1404 4471 ratio
1422 4418 1454 4469 Μ

305 4515 337 4565 a>
353 4513 490 4564 monstris
506 4511 548 4562 l1:
565 4504 634 4562 m'r'is
647 4510 671 4559 A
734 4509 765 4558 27
782 4508 908 4559 refertur
923 4507 954 4557 Μ
