3488 5108
749 383 911 430 namcnui
934 383 1108 429 aventius.
1442 366 1498 423 011

361 548 491 607 oretum
522 541 644 606 coloris
674 540 766 627 ignis
797 563 874 607 oum
902 547 1010 623 terre,
1041 536 1123 625 quia
1153 539 1292 605 claritas
1323 539 1396 603 eius
1421 560 1499 603 curn
1587 620 1593 633 ἱ

359 665 540 752 nigredine
558 673 670 732 terrae
689 665 858 732 illustrior
875 673 937 731 est.

452 791 553 857 Color
580 799 695 857 autem
725 791 851 858 rubeus
881 791 919 856 in
948 791 1049 857 urina
1084 813 1254 878 apparens
1287 790 1501 856 demonstrat

360 915 581 1002 sanguinem,
605 916 665 1001 qui
696 917 859 982 convenit
889 939 968 982 curn
995 924 1086 999 ae're3
1117 924 1175 981 aer
1202 915 1294 982 enim
1322 915 1360 979 in
1387 915 1500 980 colore

316 1054 337 1117 5
359 1040 539 1126 sanguinis
563 1041 828 1108 demonstratur.
848 1041 950 1126 Aqua
968 1062 1050 1106 vero
1066 1039 1322 1106 demonstratur
1340 1040 1378 1105 in
1396 1046 1500 1103 mate·

359 1163 417 1247 rie,
438 1164 528 1231 siout
547 1165 722 1251 contingit
740 1165 778 1231 in
797 1165 892 1250 vinc,
909 1165 947 1231 in
964 1187 1031 1252 quo
1048 1166 1156 1232 multa
1172 1174 1225 1231 est
1244 1187 1342 1250 aqua,
1359 1171 1501 1252 propter

360 1313 463 1375 quam
482 1292 741 1358 multitudinem
762 1293 854 1359 color
875 1292 948 1357 vini
968 1292 1012 1358 ad
1031 1292 1178 1358 colorem
1202 1293 1319 1358 album
1338 1291 1499 1358 declinat.
1535 1349 1538 1357 .

359 1419 405 1485 Et
421 1419 511 1485 sicut
522 1426 672 1507 quatuor
683 1421 852 1486 elementa
864 1419 901 1484 in
914 1418 985 1485 suis
995 1419 1254 1507 operationibus
1265 1419 1502 1487 demonstran·

359 1551 426 1625 tur,
445 1544 495 1610 sio
514 1545 619 1610 etiam
639 1545 677 1610 in
692 1545 794 1611 urina
813 1544 1030 1632 operationes
1049 1566 1167 1611 eorum
1181 1568 1243 1632 per
1259 1546 1387 1612 colores
1404 1569 1500 1633 prae-

296 1675 337 1738 10
360 1668 478 1735 dictos.
491 1669 629 1747 Quanto
648 1678 764 1736 autem
775 1671 868 1735 color
879 1670 1006 1736 rubeus
1019 1670 1128 1735 maior
1142 1678 1194 1735 est
1213 1670 1250 1735 in
1266 1670 1382 1752 urina,
1399 1679 1498 1739 tanto

360 1794 397 1859 in
408 1816 448 1859 ea
458 1801 510 1860 est
521 1795 634 1860 minor
646 1796 795 1860 claritas.
807 1794 913 1861 Cuius
924 1793 1014 1860 ratio
1027 1795 1176 1879 estquis
1187 1795 1295 1882 ipsius
1306 1796 1498 1863 subiectum

359 1918 484 1986 fortius
503 1919 668 2006 impletur
687 1920 833 1987 materia
851 1920 960 2007 ipsius
979 1919 1021 2002 03
1042 1919 1118 1985 ideo
1137 1919 1230 2006 ignis
1248 1942 1320 1986 non
1338 1919 1444 1987 habet
1464 1923 1500 1988 in

361 2066 428 2130 quo
452 2051 521 2111 tam
541 2045 679 2112 fortiter
698 2068 796 2112 suam
813 2045 1007 2111 claritatem
1027 2044 1238 2127 manifestet,
1257 2068 1320 2111 nec
1339 2053 1432 2111 terre
1450 2046 1501 2112 ni·

359 2171 545 2256 gredinem‘
566 2171 767 2238 manifestat
796 2171 865 2238 nisi
894 2172 932 2238 in
962 2171 1121 2238 claritate
1148 2171 1261 2257 ignea.
1292 2170 1442 2258 Ideoque
1462 2171 1499 2239 in

295 2307 337 2372 15
359 2296 461 2363 urina
479 2296 590 2383 spisse
607 2303 642 2363 et
660 2297 765 2364 rubra
783 2297 1002 2383 significatur
1020 2296 1130 2382 magis
1150 2302 1313 2384 corrupta
1337 2297 1497 2381 materia,

360 2441 463 2506 quam
474 2421 512 2486 in
531 2421 632 2488 urina
644 2423 748 2489 rubra
761 2421 910 2509 simplici
921 2427 956 2486 et
968 2423 1074 2503 clara;
1087 2421 1128 2487 de
1143 2421 1228 2509 ipsis
1241 2421 1333 2488 enim
1351 2429 1499 2507 quatuor

360 2546 538 2612 elementis
549 2547 798 2615 demonstratio
815 2546 962 2613 habetur
977 2568 1039 2633 per
1055 2569 1172 2613 eorum
1189 2568 1305 2634 opera,
1323 2546 1415 2634 quod
1430 2570 1501 2614 ma·

359 2671 546 2739 nifestatur
564 2695 626 2761 per
641 2673 855 2760 triangulum
874 2671 1030 2755 viridem,
1048 2695 1171 2759 nempe
1189 2673 1356 2760 primum,
1373 2672 1410 2738 in
1430 2695 1498 2758 quo

361 2800 651 2884 diversificantur,
682 2800 936 2868 concordantur
954 2806 989 2866 et
1008 2801 1266 2867 contrariantur
1281 2823 1399 2867 eorum
1424 2823 1501 2888 ope·

294 2939 339 3004 20
362 2927 522 2993 rationes
538 2926 593 2992 Ita
607 2926 645 2991 in
658 2926 761 2992 urina
776 2926 1032 2991 demonstratur
1046 2948 1107 3012 per
1123 2926 1270 2992 colorem
1289 2926 1499 3012 significatio

360 3052 569 3140 phlegmatis
588 3051 809 3117 dominantis.

450 3177 519 3244 Ubi
543 3199 624 3244 vero
647 3177 684 3241 in
713 3175 813 3242 urina
841 3176 1041 3267 causabitur
1072 3176 1164 3241 color
1194 3199 1235 3241 ex
1265 3175 1502 3263 praedominio

362 3304 470 3390 ipsine
494 3302 572 3383 DA,
596 3302 721 3367 latebit
753 3302 845 3368 color
873 3302 981 3389 ipsius
1009 3301 1085 3384 BC,
1117 3302 1236 3386 itaque
1267 3302 1334 3368 erit
1361 3303 1440 3368 alba
1469 3310 1505 3368 et
1581 3381 1584 3385 Ι

362 3427 472 3514 spissa
501 3449 579 3492 cum
610 3427 727 3511 aliqua
755 3425 933 3493 rubedinis
963 3433 1077 3514 parte,
1100 3426 1137 3491 in
1161 3427 1427 3492 similitudinem
1457 3428 1505 3492 lo·

296 3556 341 3620 25
363 3561 461 3618 turae
490 3554 603 3618 carnis
634 3552 779 3633 crudae;
817 3552 846 3617 si
874 3574 957 3619 vero
987 3552 1034 3619 sit
1062 3551 1141 3618 alba
1169 3561 1203 3617 et
1231 3553 1342 3640 spissa
1374 3552 1504 3638 absque

362 3675 629 3765 participatione
660 3676 782 3742 coloris
805 3675 967 3760 alterius,
998 3678 1255 3743 demonstratur
1285 3686 1370 3743 tunc
1398 3676 1505 3743 domi-

363 3803 461 3869 nium
480 3802 588 3890 ipsius
607 3802 637 3866 D
658 3824 728 3868 non
748 3824 820 3868 esse
839 3801 1009 3868 mediocre
1033 3802 1091 3867 sed
1115 3802 1276 3887 multum;
1301 3803 1330 3868 si
1354 3825 1434 3868 vero
1458 3802 1505 3868 sit

369 3958 385 3965 ..
396 3955 570 3963 μ...-
583 3955 663 3961 ..a—.-

457 4027 505 4077 1.2
522 4026 598 4091 ignis
610 4033 640 4074 ct
652 4031 759 4087 terrae,
775 4024 910 4074 videlicet
924 4023 1000 4089 quod
1013 4023 1090 4087 ignis
1106 4022 1194 4073 habet
1211 4024 1370 4074 claritatem
1388 4029 1417 4074 et
1429 4030 1507 4073 terra

365 4108 544 4174 nigredinem
558 4105 595 4166 X;
617 4108 661 4172 (=
671 4104 756 4168 turc.)
810 4105 860 4154 5.6
876 4105 997 4154 materie
1010 4102 1041 4153 M
1048 4122 1054 4154 ι
1071 4104 1192 4155 motoria
1205 4104 1235 4154 X
1241 4104 1313 4154 Lull.
1363 4105 1395 4154 10
1411 4105 1506 4166 Quan-

365 4198 395 4240 to
412 4188 451 4238 X:
471 4195 509 4254 qn
527 4188 568 4252 (z
576 4187 702 4252 quando)
714 4184 746 4234 Μ
806 4184 887 4235 11.12
904 4183 1161 4249 ipsius-materia
1177 4185 1269 4251 ipsius
1284 4186 1304 4235 O
1317 4184 1361 4235 M:
1381 4182 1508 4249 ipsiueO

365 4268 521 4320 -materia
534 4267 573 4332 X;
589 4269 623 4329 cf.
641 4266 711 4316 Lull.
722 4283 752 4329 p.
768 4257 816 4314 36⁶
879 4266 911 4315 12
927 4284 943 4312 a
958 4282 974 4312 a
990 4266 1095 4314 fortius
1108 4264 1140 4314 Μ
1144 4267 1151 4299 ¹
1216 4265 1246 4314 14
1262 4264 1389 4329 Ideoque
1400 4283 1416 4312 a
1431 4284 1448 4313 a
1463 4263 1494 4313 Μ
1499 4268 1506 4300 ¹

364 4350 397 4401 2)
413 4365 463 4415 per
483 4348 607 4398 colorem
630 4345 804 4410 significatio
822 4344 874 4395 M:
897 4360 947 4410 por
969 4347 1093 4399 colorem
1117 4346 1255 4396 (tourins
1276 4346 1459 4409 significante
1481 4346 1509 4396 Χ

365 4433 396 4482 21
414 4431 589 4481 dominantis
601 4427 644 4477 M:
660 4427 816 4477 dominium
832 4425 861 4475 X
