3488 5108
290 357 350 416 428
729 370 870 416 roanaxr
889 369 991 416 naum

291 530 382 617 quod
400 516 500 595 voces
523 527 664 594 exaudit
680 534 714 593 et
730 527 913 615 intelligit,
933 528 1025 593 iuter
1042 528 1207 615 possibile
1223 549 1304 594 vero
1319 534 1354 594 et
1370 527 1435 592 im-

289 653 466 743 possibile,
487 653 694 719 conveniens
711 659 745 719 et
760 653 1007 719 inconveniens
1027 676 1098 719 non
1117 653 1319 740 distinguit,
1339 674 1435 718 more

289 782 469 849 hominum
498 780 733 847 somniantum
761 784 796 843 et
825 801 942 844 eorum
973 801 1118 865 quorum
1144 780 1348 867 perturbata
1380 784 1435 844 est

289 907 491 994 phantasia;
512 912 546 970 et
569 905 633 970 hoo
655 926 764 991 genus
784 904 888 969 minis
905 904 989 991 ipsis
1009 905 1145 989 mortis,
1162 905 1323 987 carceris,
1340 903 1434 989 ignis

245 1039 266 1104 5
290 1037 325 1098 et
342 1031 507 1097 similium
526 1030 612 1096 solet
631 1052 651 1095 a
669 1029 869 1116 corporibus
888 1028 1015 1115 fugari.

380 1156 470 1223 Sunt
493 1165 528 1222 et
557 1156 617 1221 alii
646 1155 899 1243 prudentiores,
930 1179 1076 1241 quorum
1108 1156 1220 1244 magis
1250 1163 1350 1221 aerea
1378 1160 1432 1220 est

290 1283 484 1349 substantia
514 1281 574 1347 illa
594 1281 753 1367 simplex,
784 1281 843 1367 qui
867 1281 964 1347 nullo
990 1283 1099 1364 cultu,
1120 1281 1215 1347 nulla
1245 1280 1430 1367 religione,

289 1407 394 1473 nullis
413 1407 628 1473 orationibus
648 1412 844 1489 moventur,
874 1406 934 1471 sed
952 1406 1036 1472 haec
1054 1407 1170 1473 omnia
1199 1428 1262 1494 pro
1286 1404 1433 1472 arbitrio

288 1535 443 1621 fingunt,
468 1541 502 1601 et
525 1532 723 1599 hominibus
750 1533 935 1599 illudentes
965 1535 1138 1618 timorem,
1166 1535 1267 1617 iram,
1292 1533 1433 1619 religio·

225 1664 267 1727 10
289 1684 368 1727 nem
387 1669 421 1727 et
450 1660 580 1726 similia
599 1659 779 1742 simulant,
810 1658 939 1725 callent
957 1660 1096 1745 linguas
1119 1666 1154 1725 et
1174 1659 1351 1742 soie-ntiae,
1373 1659 1433 1729 sed

291 1787 378 1852 nihil
393 1791 591 1851 constanter
609 1791 820 1869 asseverant,
837 1790 959 1872 utpote
974 1808 1083 1871 genus
1095 1785 1320 1869 invidiosum,
1339 1784 1432 1870 quod

291 1912 529 1978 confusionem
570 1919 604 1976 et
642 1910 747 1976 dubia
782 1911 956 1976 mentibus
990 1919 1024 1976 et
1061 1911 1217 1977 sensibus
1249 1910 1430 1977 hominum

286 2038 491 2107 immittant.

376 2163 586 2229 Aethereum
618 2185 712 2246 vero,
746 2186 872 2250 purum
906 2162 1127 2249 lucidumque
1150 2185 1276 2249 genus,
1297 2186 1430 2230 omnes

222 2289 264 2354 15
288 2289 500 2357 conveniunt
529 2288 567 2354 in
586 2310 625 2354 eo
656 2287 747 2374 quod
776 2288 823 2354 sit
841 2289 981 2355 omnino
1011 2289 1141 2354 bonum
1173 2295 1208 2353 et
1230 2288 1430 2355 hominibus

288 2415 405 2503 probis
439 2414 599 2497 amioum,
633 2413 739 2479 nullis
773 2436 854 2479 vero
890 2414 1083 2498 iuimioum,
1118 2414 1208 2479 sieut
1242 2436 1284 2478 ex
1319 2415 1428 2479 ae'reis

289 2541 348 2606 alii
367 2540 444 2605 aliis
464 2547 545 2605 sunt
564 2538 681 2621 amici,
701 2538 780 2604 aliis
798 2562 879 2605 vero
899 2540 1033 2605 inimici
1052 2548 1086 2604 et
1106 2539 1244 2605 infensi.

377 2664 491 2750 Aquei
522 2685 603 2730 vero
638 2671 673 2729 et
700 2670 878 2730 terrestres
910 2672 970 2730 aut
999 2664 1130 2730 inimici
1159 2672 1242 2730 sunt
1270 2672 1331 2730 aut
1361 2686 1433 2730 non

288 2788 404 2872 amici,
426 2796 546 2876 utpote
565 2789 680 2855 minus
700 2790 885 2855 rationales
916 2799 951 2855 et
969 2797 1151 2876 propterea
1168 2790 1374 2874 timidiores,
1397 2798 1432 2855 et

221 2920 265 2983 20
288 2914 385 2980 iuxta
404 2914 492 2979 illud
509 2913 626 3000 'quem
645 2921 818 2993 metuunt,
839 2914 999 2980 oderunt'
1020 2923 1054 2978 et
1073 2915 1221 2980 libenter
1240 2915 1393 2980 laedunt.

376 3040 475 3125 Ignei
490 3062 584 3124 vere,
601 3041 660 3125 qui
679 3041 839 3127 proprius
859 3040 919 3104 Dii
938 3041 1158 3127 appellantur
1174 3046 1208 3104 et
1226 3041 1360 3124 hernae,
1380 3040 1432 3105 di-

288 3172 420 3244 cuntur¹
442 3167 507 3232 Dei
536 3167 701 3252 ministri,
733 3189 817 3252 qnos
850 3167 1045 3232 Cabalistae
1076 3166 1254 3253 appellant
1287 3166 1432 3247 Fissim,

288 3292 481 3380 Seraphim,
496 3292 695 3373 Cherubim,
713 3293 894 3377 dequibus
914 3293 1002 3357 dixit
1022 3294 1153 3357 Psaltes
1169 3292 1341 3379 propheta
1356 3291 1433 3376 ‘qui

287 3417 372 3482 facit
386 3418 525 3503 angelos
541 3417 614 3482 eius
629 3417 780 3504 spiritus,
795 3427 829 3482 et
842 3418 1018 3482 ministros
1033 3418 1105 3482 eius
1118 3418 1293 3482 flammam
1306 3416 1431 3503 iguis’3

219 3544 263 3609 25
286 3541 377 3606 unde
397 3550 490 3606 recte
509 3542 679 3628 eolligunt
698 3542 848 3608 Basilius
866 3549 900 3607 et
922 3540 1088 3626 Origenes
1107 3544 1248 3627 angelos
1268 3563 1337 3606 non
1358 3564 1431 3606 esse

287 3667 426 3732 omnino
445 3666 673 3754 incorporeos,
691 3667 748 3734 sed
768 3668 940 3755 spiritales
960 3668 1186 3751 substantias,
1200 3668 1264 3731 hoe
1284 3673 1335 3732 est
1356 3666 1434 3732 sub·

286 3791 436 3856 tilissimi
460 3792 613 3878 eorporis
628 3793 804 3875 animalia,
823 3814 907 3878 quos
921 3816 982 3879 per
998 3793 1097 3878 ignes
1112 3801 1145 3857 et
1162 3793 1318 3859 flammas
1334 3793 1426 3878 ignis

286 3917 461 4003 signifieat
485 3918 604 3983 divina
630 3918 805 3983 revelatio,

378 4189 617 4238 Bsomniantinm
640 4188 662 4237 0
723 4192 739 4238 u
764 4193 912 4239 estserae
933 4192 955 4241 0
1022 4191 1037 4238 7
1062 4209 1077 4238 -s
1093 4208 1108 4238 a·
1124 4208 1139 4237 s
1155 4208 1170 4237 a
1186 4208 1202 4238 a
1226 4189 1366 4252 religione
1390 4188 1433 4238 11¹

285 4268 318 4318 20
333 4268 408 4318 Eua.
423 4286 469 4333 ap.
487 4267 540 4320 050.
554 4269 585 4317 de
602 4267 652 4333 Off.
669 4271 694 4326 2,
712 4270 736 4330 7,
756 4271 785 4317 13
848 4271 879 4320 ‘22
896 4271 925 4319 hi
939 4271 983 4320 dei
1004 4272 1025 4321 Ο
1086 4272 1126 4320 23.
1137 4271 1169 4320 24
1186 4271 1268 4321 Paul.
1285 4270 1368 4320 Hchr.
1383 4270 1434 4331 1‚7

286 4349 331 4411 (cf.
351 4348 455 4399 Psalm.
481 4350 540 4408 103,
558 4349 600 4412 4),
626 4348 732 4410 I’sello,
756 4350 797 4399 De
821 4351 931 4413 Operat.
959 4352 1095 4410 Daemon„
1125 4348 1216 4400 Poris.
1245 4353 1326 4409 1615,
1347 4367 1376 4414 p.
1397 4352 1433 4398 30

286 4429 317 4479 25
334 4445 396 4480 osse
411 4446 469 4480 non
484 4430 506 4482 0
566 4430 597 4479 a}
614 4421 722 4495 {pudes
735 4429 780 4480 M:
796 4430 962 4495 spirituales
980 4430 1003 4483 0
1063 4431 1095 4481 “23
1111 4432 1261 4497 prophetie
1277 4431 1375 4482 divina
1389 4429 1433 4480 Μ1
