3488 5108
704 419 883 466 nsanavn
904 421 1083 467 uniuersus
1103 421 1173 466 arc.
1454 392 1513 466 523

368 577 538 655 Quaeram
558 578 725 664 quidnam
749 584 865 644 movet
883 586 996 644 aerem
1020 602 1079 644 seu
1098 577 1279 666 spiritum,
1301 579 1513 664 usqueadeo

368 703 481 789 quoad
499 703 664 768 devenias
683 704 727 769 ad
745 704 846 769 illum
864 712 1033 770 mctcram
1052 703 1204 790 primum
1224 709 1259 768 et
1278 702 1512 790 impulsorem,

366 850 468 914 quem
484 828 646 914 spiritum
665 829 726 894 alii
746 828 882 912 dicunt,
901 828 960 913 qui
980 828 1148 915 seipsum
1164 827 1333 894 movendo
1353 829 1421 894 alia
1440 850 1511 895 mc·

364 959 437 1037 vet,
453 953 555 1019 Plato
574 974 655 1018 vero
675 953 827 1018 animam
844 952 942 1037 dicit,
960 975 1064 1039 quam
1080 951 1257 1031 deffinivit
1274 974 1456 1019 numerum
1473 976 1509 1019 se
1533 959 1623 1021 431»

320 1079 341 1142 5
364 1077 478 1163 ipsum
498 1086 693 1143 moventem
713 1078 751 1142 in
770 1077 949 1159 circulum3
975 1085 1009 1143 et
1039 1099 1122 1144 sane
1153 1077 1203 1144 ita
1226 1098 1364 1144 necesse
1393 1087 1460 1161 est,
1481 1080 1510 1144 si

364 1204 549 1269 consistere
569 1205 605 1270 in
623 1205 736 1291 primo
756 1253 899 1270 ..........
919 1212 955 1270 at
973 1227 1044 1271 non
1062 1204 1246 1292 procedere
1265 1205 1304 1270 in
1322 1205 1508 1273 infinitum.

364 1326 484 1411 Neque
502 1335 554 1393 est
572 1351 692 1395 sensus
710 1352 821 1416 neque
840 1329 945 1412 ratio,
964 1352 1032 1415 qua
1050 1352 1105 1395 me
1123 1329 1167 1395 ad
1190 1329 1323 1396 caelum
1346 1329 1508 1416 deducas,

363 1450 507 1517 diceudo
527 1460 640 1519 motus
659 1453 749 1520 aeris
768 1461 803 1519 et
823 1476 932 1539 aquae
951 1476 1023 1519 esse
1043 1477 1063 1520 a
1080 1454 1163 1520 luna
1181 1461 1258 1537 etc.;
1280 1458 1341 1540 qui
1360 1455 1452 1522 enim
1468 1458 1510 1522 fit

363 1583 402 1640 ut
421 1599 441 1641 a
460 1577 610 1663 simplici
627 1584 723 1643 motu
737 1578 841 1644 lunae
857 1578 913 1644 vel
932 1578 1078 1665 duplici,
1099 1585 1133 1643 et
1151 1580 1194 1644 ab
1211 1599 1281 1645 uno
1299 1587 1396 1646 motu
1412 1581 1507 1666 caeli,

301 1702 424 1788 loqui
453 1724 574 1789 rapere
603 1703 749 1788 fingitur
779 1702 909 1786 omnia,
935 1726 1005 1770 non
1034 1711 1199 1789 sequatur
1228 1726 1318 1771 unus
1345 1705 1508 1792 spiritus,

362 1850 453 1892 unus
467 1835 606 1912 ventus,
621 1828 711 1894 sicut
724 1828 823 1894 iuxta
838 1828 1109 1894 innumerabiles
1125 1828 1340 1896 differentias
1355 1831 1508 1897 locorum

362 1958 397 2018 et
417 1976 496 2040 amp
511 1953 565 2019 ius
585 1954 801 2020 differentiae
818 1953 1015 2020 huiusmodi
1035 1953 1244 2041 appulsunm
1263 1961 1298 2019 et
1321 1955 1507 2042 spirituum

362 2079 553 2165 apparent?
574 2081 619 2144 Et
638 2080 673 2144 in
695 2078 842 2166 singulis
866 2064 1103 2145 animantibus
1127 2087 1161 2145 et
1191 2080 1390 2145 viventibus
1420 2081 1507 2148 illud

362 2202 453 2268 idem
471 2204 683 2291 principium
703 2211 807 2292 atque
826 2205 1000 2271 diversum
1023 2205 1210 2270 secundum
1235 2206 1392 2294 proprias
1411 2207 1508 2274 diffe-

298 2339 339 2402 15
363 2329 492 2395 rentias
511 2336 585 2396 tum
604 2330 780 2417 specificas
807 2337 881 2396 tum
905 2330 1099 2397 numerales
1123 2329 1315 2415 invenitur,
1347 2331 1392 2398 ad
1420 2355 1507 2419 quas

361 2452 450 2519 nihil
468 2455 644 2542 pertinere
661 2455 801 2522 videtur
819 2455 874 2521 vel
893 2455 1082 2521 conducere
1109 2455 1337 2542 imaginarius
1356 2457 1416 2523 ille
1435 2480 1508 2524 cae·

361 2578 457 2645 lestis
476 2588 607 2666 motus,
627 2582 687 2667 qui
707 2581 736 2648 si
756 2589 821 2666 est,
839 2581 1044 2647 universalis
1063 2588 1098 2646 et
1116 2604 1223 2665 unus3
1243 2590 1278 2647 at
1296 2581 1345 2646 ita
1362 2582 1506 2669 spiratio

361 2702 434 2788 illa,
455 2727 542 2790 quae
561 2729 581 2771 a
600 2707 664 2773 tali
683 2714 777 2773 motu
796 2714 901 2789 esset,
921 2705 1073 2772 eiusdem
1093 2712 1182 2771 esset
1199 2705 1418 2772 conditionis.
1435 2707 1507 2773 Nos

361 2851 442 2895 vero
462 2829 504 2895 de
523 2832 662 2918 spiritu,
683 2832 742 2918 qui
762 2839 814 2896 est
832 2840 867 2896 et
885 2830 971 2896 facit
990 2831 1027 2896 in
1051 2830 1199 2918 singulis
1223 2831 1377 2917 singula,
1396 2811 1508 2916 loqui·

294 2962 340 3026 20
362 2975 439 3020 mur
458 2964 494 3021 et
512 2956 735 3042 inquirimus,
757 2964 792 3021 et
810 2955 951 3021 tandem
975 2955 1159 3021 definimus
1182 2954 1295 3041 ipsum
1327 2978 1399 3020 esse
1429 2939 1516 3022 sub-⁹

362 3080 528 3145 stantiam
542 3102 604 3168 per
620 3103 655 3146 se
671 3080 845 3163 mobilem,
864 3087 899 3146 et
917 3087 1014 3146 motu
1030 3102 1090 3146 suo
1106 3079 1232 3163 vitam,
1249 3080 1506 3166 vegetationem

361 3212 396 3270 et
429 3205 687 3271 corrsistentiam
720 3204 822 3271 rebus
853 3205 1016 3271 animatis
1048 3204 1309 3271 communicare.
1345 3205 1425 3292 Ipse
1455 3213 1508 3271 est

361 3352 424 3416 per
437 3353 473 3397 se
487 3331 609 3397 vivens
625 3339 659 3396 et
675 3331 743 3396 alia
758 3330 963 3419 peripsum,
981 3330 1055 3417 ipse
1071 3337 1124 3396 est
1137 3329 1335 3397 vehiculum
1351 3330 1507 3397 omnium

454 3591 470 3640 2
495 3608 511 3637 s
526 3608 541 3637 a
557 3607 573 3637 a
588 3589 773 3654 impulsorem
795 3589 827 3638 M
834 3590 842 3623 ¹
902 3589 919 3638 4
943 3591 980 3654 cs.
1003 3587 1091 3648 Diels,
1114 3589 1295 3653 Dexoqrapt.
1315 3607 1347 3656 p.
1371 3593 1431 3643 218.
1454 3593 1510 3642 386

361 3673 377 3722 6
395 3707 504 3722 ........
508 3670 515 3738 Ι
531 3671 660 3735 operitur
676 3661 735 3719 Ml:
744 3670 822 3733 soree
839 3685 912 3735 opus
931 3670 998 3720 est?
1060 3670 1091 3719 10
1108 3672 1242 3736 sequitur
1259 3669 1291 3720 M
1307 3671 1341 3734 qt)
1406 3674 1436 3721 12
1453 3673 1510 3738 spi-

361 3753 449 3802 ritum
463 3749 493 3800 M
557 3751 587 3799 15
599 3765 653 3815 sqq.
672 3748 702 3800 in
718 3765 803 3816 mar-9.
821 3749 877 3801 Hic
891 3765 949 3801 non
969 3755 1014 3800 ast
1032 3751 1322 3815 praetermittendum
1340 3753 1508 3804 innumeros

361 3847 424 3883 asse
444 3837 568 3881 meteres
586 3832 615 3880 iu
632 3844 690 3880 uuo
708 3831 857 3881 individuo
883 3831 928 3882 vel
945 3832 1046 3881 saltam
1064 3836 1249 3897 praecipuos,
1268 3830 1344 3882 alius
1364 3832 1439 3883 anim
1462 3837 1508 3884 ast

364 3919 457 3962 motor
473 3914 522 3976 qui
539 3910 709 3974 sanguinem
721 3925 771 3976 per
784 3925 886 3974 vanas,
905 3910 979 3962 alius
996 3910 1044 3976 qui
1060 3910 1193 3977 spiritum
1211 3926 1229 3962 a
1245 3912 1331 3963 corde
1348 3917 1378 3962 at
1394 3912 1429 3962 ud
1441 3916 1505 3978 cor,

362 3995 436 4044 alius
450 3991 500 4058 qui
514 3997 559 4041 est
571 3992 753 4042 voluntarius
767 4004 825 4058 quc
838 3990 975 4041 animalia
988 3991 1078 4042 libere
1096 3999 1125 4041 at
1142 3992 1177 4042 ud
1190 3992 1306 4043 libitum
1321 3993 1509 4058 progrediun-

362 4081 410 4124 tur
424 4073 563 4123 movando
575 4073 709 4123 membru.
720 4073 758 4122 m
767 4071 822 4138 ipsi
831 4071 1017 4136 Peripatetici
1028 4073 1156 4138 (·thatici
1166 4071 1235 4139 cod.)
1246 4074 1317 4125 duos
1327 4079 1509 4138 cognoscunt

361 4159 500 4212 moturas,
512 4156 645 4202 naturam
658 4161 688 4203 at
702 4151 880 4203 voluntatem
890 4167 942 4202 sau
951 4151 1113 4206 arbitrium.
1127 4155 1242 4205 Etanna
1256 4153 1298 4205 illi
1313 4154 1369 4206 duo
1382 4161 1509 4206 moturas

361 4240 431 4286 sunt
444 4234 526 4285 vulda
538 4232 656 4295 diversi,
673 4239 706 4283 ut
718 4239 797 4298 patet
809 4234 838 4284 in
850 4231 967 4294 affeetu;
981 4233 1066 4284 alteri
1079 4235 1154 4285 enim
1166 4237 1349 4301 imperamus,
1364 4235 1449 4286 altari
1463 4235 1509 4284 val

361 4316 447 4366 iuviti
465 4312 643 4365 subiioimur.
662 4313 808 4379 Principis
821 4313 923 4365 harum
940 4316 1159 4379 particularium
1176 4316 1318 4367 lationum
1336 4316 1445 4366 motiva
1461 4315 1507 4367 val

362 4403 431 4446 sunt
444 4397 564 4461 spiritus
572 4395 617 4445 vel
628 4395 741 4460 spiritu,
752 4394 801 4445 ubi
810 4394 907 4446 anima
920 4410 951 4446 su
962 4395 1054 4461 ipsam
1065 4402 1174 4461 movet,
1186 4398 1232 4449 val
1241 4398 1362 4463 spiritus
1372 4412 1403 4448 sa
1412 4396 1507 4464 ipsum

362 4478 463 4547 primo.
478 4475 511 4526 M
574 4478 605 4528 17
615 4479 766 4541 senseat,
781 4482 853 4536 (est)
868 4477 1042 4528 unlvarsalis
