3488 5108
571 394 879 443 tabenensiorum
901 396 1106 442 srarvaavn.
1352 383 1408 443 103

266 549 526 636 gnificatienern
547 549 637 632 finis,
660 551 718 637 qui
740 553 899 618 censistit
918 554 952 618 in
973 552 1215 640 magnitudine
1234 553 1296 634 rei;
1319 553 1409 618 unde

269 676 347 742 finis
366 675 478 744 lineae
498 683 550 741 est
569 682 730 763 punctae,
759 678 951 765 superficiei
974 679 1079 763 linea,
1100 679 1251 767 eorporis
1271 680 1412 767 superfi-

267 802 335 867 cies
355 809 418 869 etc.

356 927 402 992 II.
428 930 460 992 A
485 927 597 1016 figura
622 935 656 994 et
679 927 904 1016 dispositione
929 930 1056 997 montis
1079 937 1237 996 occurrat
1261 930 1412 997 censide-

225 1056 245 1117 b
269 1052 359 1118 ratio
378 1053 472 1136 finis,
493 1054 553 1140 qui
572 1060 625 1120 est
644 1053 754 1119 ferma
774 1062 808 1120 et
832 1054 944 1141 figura
963 1055 1027 1139 rei,
1048 1079 1117 1142 qua
1141 1055 1410 1143 unumquodque

269 1200 392 1266 eorpus
411 1179 619 1245 terminatur
639 1187 673 1244 et
690 1179 868 1267 propriam
886 1180 1034 1268 speeiem
1054 1182 1191 1268 promit.

357 1304 420 1369 ΠΙ.
447 1303 544 1370 Situs
563 1305 691 1370 montis
711 1327 887 1371 occurrere
906 1305 992 1372 fucit
1010 1308 1113 1373 finem
1132 1307 1288 1374 localiter
1307 1306 1412 1391 signi·

269 1429 565 1506 ficantem;1111de
589 1430 668 1496 finis
697 1431 764 1496 leci
796 1438 847 1497 est
877 1455 1090 1519 supremum,
1111 1439 1316 1515 extremum,
1337 1430 1413 1497 infi-

268 1536 375 1638 dum,
396 1556 609 1643 profundum
629 1562 691 1621 etc.

202 1689 246 1752 10
357 1683 415 1748 IV.
440 1682 569 1769 Aliqua
600 1682 899 1769 metamorphosis,
931 1690 970 1750 ut
1000 1684 1217 1751 considerato
1248 1682 1339 1771 quod
1370 1705 1412 1748 ex

268 1809 411 1875 Atlante
431 1808 604 1896 astrologo
625 1816 676 1874 est
695 1832 805 1892 mons,
824 1809 867 1874 ad
886 1808 1153 1896 significandum
1172 1810 1275 1876 finem
1295 1818 1330 1875 et
1348 1816 1412 1874 ter·

268 1936 401 2002 minum
420 1936 636 2019 mutationis5
657 1936 825 2002 terminus
850 1960 869 2001 a
894 1958 984 2023 quo,
1005 1938 1173 2004 terminus
1203 1938 1252 2004 ad
1283 1959 1411 2022 quem,

269 2063 324 2128 vel
353 2063 395 2127 in
424 2085 537 2147 quem
561 2068 595 2127 et
623 2085 667 2128 ex
688 2085 772 2148 quo.

356 2188 396 2253 V.
421 2188 473 2252 Ex
499 2187 689 2275 imaginato
709 2210 852 2255 ascensu
876 2196 911 2254 et
934 2188 1100 2255 descensu
1123 2188 1164 2255 ad
1190 2210 1353 2254 cacumen
1377 2194 1412 2253 et
1437 2186 1555 2253 142*

184 2310 246 2373 ,15
270 2313 313 2378 ad
332 2313 463 2379 radices
483 2314 632 2380 occurrit
652 2314 741 2379 ratio
758 2315 850 2398 finis,
872 2315 931 2401 qui
948 2321 1000 2380 est
1020 2322 1132 2381 motus
1148 2313 1280 2398 localis,
1300 2320 1335 2379 et
1354 2336 1410 2403 ap-

268 2440 419 2529 pellatur
438 2439 544 2525 quies

357 2566 416 2630 VI.
444 2564 624 2630 Similibus
643 2564 838 2630 rationibus
858 2565 1077 2653 applicentur
1096 2566 1342 2650 subsequentes
1367 2562 1410 2629 si-

272 2691 527 2785 gnificationes,
549 2699 669 2776 utpote
690 2712 749 2778 pro
770 2691 838 2756 fine
856 2691 1035 2778 temporie,
1059 2699 1098 2758 ut
1123 2714 1276 2773 occasus,
1300 2698 1408 2775 ortus,

270 2815 432 2881 nocturni
451 2823 486 2881 et
505 2816 633 2896 diurni,
654 2838 815 2902 praesens
835 2815 925 2903 quod
945 2825 996 2882 est
1015 2816 1094 2881 finis
1114 2815 1292 2903 praeteriti
1311 2822 1375 2880 etc.

203 2944 248 3007 ‘20
360 2941 436 3006 VII.
461 2942 528 3005 Pro
553 2941 620 3005 fine
644 2941 901 3022 consistentiae,
926 2948 965 3006 nt
989 2941 1181 3024 evacuatio,
1206 2940 1410 3023 exinanitiO,

270 3066 470 3153 extirpatio,
490 3065 663 3130 abscissio.

359 3191 454 3256 VIII.
480 3192 547 3256 Pro
566 3191 634 3256 fine
655 3190 817 3255 dictionis
837 3215 896 3257 seu
916 3192 1139 3274 narrati0nis,
1163 3199 1203 3258 ut
1223 3191 1411 3276 conclusiO,

271 3317 459 3404 peroratio,
480 3316 646 3404 epilogus.

361 3443 423 3507 IX.
449 3444 516 3507 Pro
534 3441 601 3506 fine
616 3442 889 3524 extremitatum,
908 3444 1024 3528 quales
1042 3451 1123 3509 sunt
1138 3444 1306 3509 terminus
1324 3450 1415 3509 uter·

204 3577 247 3640 ‘25
272 3592 337 3654 que
357 3575 453 3633 extra
472 3568 623 3633 medium
643 3567 963 3653 argumentationis.

362 3695 406 3758 X.
440 3695 506 3759 Pro
538 3693 604 3757 fine
634 3693 850 3758 voluntariae
886 3693 1120 3780 suspensionis
1151 3693 1194 3759 ab
1225 3716 1339 3780 opere,
1375 3702 1413 3758 ut

275 3818 433 3901 cessatio,
456 3819 677 3898 intermissio,
700 3817 830 3882 dilatio.

361 3945 425 4009 XI.
451 3946 517 4010 Pro
537 3947 603 4009 fine
625 3968 693 4009 nen
715 3945 928 4009 soluntariae
949 3944 1003 4009 vel
1026 3945 1198 4009 violent-ae
1222 3946 1415 4032 suspensio-

274 4071 342 4147 nis,
362 4071 453 4136 unde
473 4071 600 4136 dicitur
620 4071 848 4154 obstaculum,
870 4070 1168 4157 impedimentum,
1189 4070 1285 4135 obex.

366 4316 396 4365 10
405 4315 484 4378 sorec
501 4312 712 4364 consideratio?
729 4332 770 4363 rua
788 4314 872 4364 caelia
892 4311 913 4364 it
930 4320 998 4363 resto
1019 4313 1061 4363 dcl
1078 4314 1193 4378 periodo
1214 4314 1278 4363 sard
1299 4319 1416 4364 corratio

275 4397 305 4447 12
322 4403 377 4453 (et)
394 4397 534 4446 terminus
549 4412 565 4445 a.
579 4412 635 4461 quo
650 4395 681 4444 Μ
744 4398 774 4444 13
791 4400 864 4445 etex
878 4410 934 4461 quo
948 4396 1062 4458 <,finea
1080 4401 1149 4446 sunt
1166 4395 1258 4445 omnis
1276 4400 1417 4445 transmu-

274 4479 419 4536 tationis).
434 4476 466 4527 Μ
526 4479 556 4526 24
574 4477 667 4544 qualis
682 4482 726 4527 est
739 4477 771 4527 Μ
836 4477 866 4525 27
883 4476 1163 4538 cessatiolcausaatio
1178 4476 1215 4527 A:
1228 4476 1359 4544 pensatio
1373 4477 1404 4528 Μ
