3488 5108
327 402 390 449 v111

327 556 434 634 plicari
451 564 595 635 possunt,
611 578 667 636 per
684 578 772 634 quern
793 557 915 616 modurn
927 557 1134 634 unusquisque
1146 557 1176 616 in
1187 577 1292 617 veram
1304 558 1472 620 medicinae

326 654 422 715 totius
441 657 646 732 cognitionem
663 656 833 735 perveniet.

415 755 434 832 ξ
451 753 492 813 IL
511 753 632 815 Senitas
648 755 679 813 in
698 775 827 833 corpore
845 753 976 813 humane
999 752 1212 813 consideratur
1234 761 1325 832 prout
1343 762 1390 814 est
1408 775 1474 834 pro·

325 852 426 929 portio
447 852 501 912 illa
522 854 695 913 consistens
716 853 747 912 in
763 855 783 912 4
800 853 976 928 elementis,
1001 873 1037 912 ex
1055 853 1165 927 quibus
1183 852 1312 912 materie
1333 854 1472 931 corporis

324 948 448 1009 humani
464 958 597 1026 constat;
621 952 736 1011 sanitas
759 971 833 1027 ergo
848 951 890 1010 nil
908 950 992 1010 eliud
1014 958 1061 1010 est
1082 970 1173 1027 quam
1191 949 1361 1009 similitudo
1379 952 1469 1011 istius

323 1049 541 1126 proportionis.

413 1146 509 1224 §HL
524 1147 750 1207 Elementativa
767 1147 861 1206 habet
878 1146 1032 1224 duplicem
1049 1145 1172 1205 modum
1191 1145 1328 1223 essendi,
1349 1148 1471 1208 obiecti-

323 1262 394 1304 vum
422 1244 567 1305 videlieet
592 1253 623 1305 et
649 1245 861 1305 subiectivum.
883 1245 920 1304 In
948 1264 1016 1304 esse
1044 1245 1194 1304 obiectivo
1225 1253 1273 1304 est
1301 1246 1471 1321 aequaliter

323 1342 453 1419 gradata
467 1363 504 1404 ex
521 1343 688 1422 praedietis
705 1348 725 1402 4
747 1344 908 1403 elementis
926 1344 1134 1421 simplicibus;
1154 1345 1274 1421 etquis
1292 1346 1330 1404 ab
1348 1347 1469 1422 aequali

323 1442 522 1520 proportione
540 1443 587 1520 (ut
604 1443 702 1517 iuquit
718 1442 787 1519 Ar.)
805 1462 865 1501 nou
883 1443 1021 1518 sequitur
1037 1442 1115 1501 actio
1133 1462 1190 1501 nee
1208 1443 1325 1520 passio,
1338 1443 1407 1504 ideo
1420 1456 1467 1505 est

323 1539 540 1617 ingenerabilis
558 1547 590 1600 et
606 1540 846 1618 incorruptibilis
865 1540 910 1619 (ut
925 1540 1022 1616 inquit
1034 1540 1116 1599 idem
1134 1540 1259 1621 Arist.);
1277 1541 1347 1601 ideo
1366 1549 1468 1619 petest

322 1638 459 1698 invenire
477 1638 614 1698 medicus
631 1638 712 1714 quod
731 1646 778 1698 est
792 1638 859 1698 dari
875 1639 1002 1714 aequale
1021 1637 1150 1716 pondus.

412 1740 431 1817 ξ
449 1737 525 1797 IIII.
542 1739 579 1798 In
596 1758 664 1799 esse
682 1747 784 1798 autem
812 1737 982 1797 subiectivo
1005 1736 1183 1815 dupliciter,
1209 1744 1262 1796 aut
1280 1739 1312 1796 in
1332 1737 1468 1814 qualibet

322 1835 466 1914 sphaera,
485 1836 577 1896 etsie
599 1836 751 1896 elementa
775 1837 806 1894 in
834 1856 870 1895 ea
897 1842 968 1894 sunt
992 1836 1193 1911 inaequaliter
1217 1835 1345 1911 gradata
1367 1835 1467 1912 quoad

322 1935 498 2012 qualitates,
517 1935 588 2013 quia
605 1935 777 1995 substantia
794 1953 853 1993 non
872 1934 1001 2012 suscipit
1025 1935 1122 1993 maius
1144 1954 1200 1994 nec
1227 1935 1340 2010 minus;
1363 1955 1467 1993 unum·

321 2033 462 2111 qnodque
480 2034 559 2093 enim
577 2033 609 2093 in
626 2033 757 2111 sphaera
775 2052 829 2091 sua
840 2032 934 2092 habet
945 2032 1185 2110 praedominium
1198 2033 1316 2092 ratione
1331 2032 1466 2109 proprie·

320 2132 394 2191 tatis
411 2131 471 2190 leci
485 2139 517 2191 et
533 2131 623 2209 caeli,
642 2139 706 2189 tum
724 2131 754 2188 in
772 2150 841 2190 esse
858 2131 988 2189 remisso
1011 2131 1041 2188 in
1064 2131 1253 2189 concavitate
1275 2130 1377 2206 lunae,
1396 2150 1464 2189 eum

320 2229 401 2306 ignis
424 2229 468 2289 ibi
493 2229 534 2288 sit
550 2228 788 2306 praedominari,
805 2234 835 2287 et
856 2229 899 2287 ita
917 2227 955 2288 de
973 2229 1041 2287 aliis
1059 2228 1091 2285 in
1109 2229 1173 2286 suis
1194 2227 1347 2305 sphaeris:
1365 2233 1418 2286 au't
1435 2229 1465 2286 in

320 2327 513 2387 elementatis
530 2323 629 2403 quae¹
648 2334 834 2402 generantur
862 2335 893 2386 θῖ
919 2333 1153 2404 corrumpuntur
1181 2327 1212 2384 in
1240 2325 1464 2403 praedictarum

320 2425 518 2504 sphaerarum
535 2426 647 2500 tribus,
665 2425 735 2485 ideo
753 2423 889 2484 medicus
910 2425 1077 2501 investigat
1098 2424 1191 2484 telem
1213 2423 1337 2482 modum
1355 2424 1386 2482 in
1409 2425 1463 2501 eis,

320 2530 351 2584 et
368 2523 531 2602 praecipue
553 2522 584 2582 in
601 2523 731 2582 homine.

410 2621 484 2700 ἓν.
503 2621 618 2681 Tamen
640 2621 710 2696 qnia
727 2619 863 2680 medicus
884 2640 946 2680 non
966 2629 1055 2680 senat
1080 2619 1233 2679 hominem
1253 2620 1286 2679 in
1307 2615 1462 2695 comuni,²

320 2719 377 2780 sed
402 2719 572 2795 Socratem,
591 2716 661 2778 ideo
678 2718 773 2777 talem
801 2718 925 2778 modum
952 2718 1076 2779 essendi
1103 2719 1272 2794 investigat
1294 2720 1325 2776 in
1341 2716 1463 2778 homine

320 2817 480 2895 singulari,
499 2837 589 2893 quem
607 2837 712 2876 curare
727 2816 859 2876 intendit
876 2817 925 2877 vel
944 2816 1029 2877 cuius
1047 2818 1210 2877 sanitatem
1230 2834 1422 2875 conservare.

408 2915 498 2994 §Va
518 2916 579 2975 Per
603 2915 740 2991 regulam
770 2914 808 2976 de
830 2914 858 2974 G
884 2915 977 2975 debet
1002 2914 1107 2974 videre
1134 2915 1220 2973 euius
1242 2913 1399 2990 qualitatis
1432 2921 1463 2973 et

319 3013 537 3092 complexionis
554 3013 594 3072 sit
615 3013 739 3090 proprio
761 3020 792 3072 et
812 3014 1025 3092 appropriate;
1054 3014 1196 3090 ignorare
1215 3012 1294 3071 enim
1320 3032 1397 3088 qrrae
1420 3012 1461 3070 sit

318 3112 537 3191 complexionis
552 3111 643 3188 ratio,
662 3117 710 3170 θεῖ
726 3111 869 3188 ignorare
886 3111 1068 3172 medicinam
1087 3111 1255 3171 curativem
1273 3119 1325 3170 aut
1342 3129 1463 3170 conser-

318 3210 461 3271 vativam.
545 3198 550 3208 ’

406 3307 514 3388 §VII
540 3307 686 3367 Pluribus
714 3316 815 3368 autem
836 3307 935 3369 modis
963 3309 1133 3387 complexio
1163 3309 1312 3386 cognosci
1340 3313 1462 3386 petest:

317 3409 415 3486 primo
441 3406 657 3484 investigando
682 3407 859 3467 interiorem
881 3408 946 3467 eius
966 3409 1175 3484 nativitatem,
1199 3428 1278 3485 quae
1295 3407 1354 3467 fuit
1371 3408 1402 3466 in
1423 3408 1464 3465 in·

317 3507 409 3565 stanti
437 3504 670 3565 introductionis
697 3506 816 3565 animae
834 3506 992 3567 rationalis
1010 3508 1042 3566 in
1068 3528 1179 3586 corpus
1206 3508 1388 3585 dispositum
1410 3528 1464 3584 per

317 3608 438 3684 agentia
455 3605 661 3667 naturalium]
678 3605 887 3684 receptionem
901 3607 1032 3683 animae,
1051 3608 1079 3666 in
1095 3628 1154 3684 quo
1171 3607 1300 3666 instanti
1324 3606 1465 3681 regnavit

317 3705 494 3787 spiritalis³
519 3705 677 3766 influentia
704 3751 816 3767 ........
827 3727 897 3784 ans,
921 3709 1020 3784 gratia
1046 3709 1132 3769 euius
1158 3708 1240 3785 ignis
1263 3706 1357 3765 habet
1381 3724 1466 3783 prae·

317 3808 499 3884 dominium,
517 3814 550 3864 ut
567 3806 598 3864 in
614 3806 759 3881 colerieo;
778 3806 829 3866 vel
846 3813 909 3884 aer,
934 3816 967 3866 ut
984 3807 1015 3865 in
1032 3807 1199 3884 sanguineo
1209 3827 1216 3881 ;
1242 3804 1293 3865 vel
1316 3823 1405 3880 aqua,
1427 3812 1462 3863 ut

315 3908 347 3967 in
365 3906 487 3985 phleg.;
503 3906 553 3966 vel
571 3913 665 3978 terra,
680 3913 714 3964 ut
730 3905 762 3963 in
778 3905 848 3964 mel.
867 3905 908 3963 Et
928 3926 989 3965 non
1005 3905 1098 3966 debet
1119 3925 1303 3982 cognoscere
1321 3904 1460 3965 nativita-

410 4221 417 4254 ¹
436 4219 516 4295 Depo
533 4235 600 4283 quae
614 4214 629 4267 ὲ
642 4219 802 4269 cancellato
817 4216 910 4283 quibus
925 4219 961 4282 (P)

410 4300 420 4334 ²
437 4299 484 4349 coi.
499 4299 523 4349 Il
539 4300 638 4349 Bruno
654 4299 747 4350 scrire
760 4300 873 4349 altrove
887 4297 1007 4349 comeriis
1022 4299 1092 4361 (non
1105 4296 1268 4363 conterente).

461 4405 472 4430 ,.

405 4445 415 4479 ³
430 4440 516 4507 spiclis
