3488 5108
727 379 869 426 rounam
891 379 993 427 BRVNI

472 623 547 697 DE
590 623 878 700 PERFEOTE
922 622 1240 701 COMPOSITIS

647 769 823 845 PROPE
866 769 1066 847 LVOEM.

374 989 530 1056 Perfecto
549 1011 630 1056 vero
649 991 851 1078 composita,
871 997 992 1079 utpote
1015 991 1230 1059 substantiae
1248 992 1430 1060 intellecti·
1457 1002 1575 1066 1¹72v

286 1136 349 1181 vae
368 1120 404 1180 et
422 1113 562 1181 divinae
580 1115 814 1182 constantiore
838 1136 978 1204 corpore
1002 1116 1225 1204 constitutae,
1245 1117 1283 1184 in
1303 1118 1431 1205 quibus

242 1247 263 1311 5
287 1240 460 1309 concurrit
479 1239 688 1330 quatrnplex
715 1242 937 1326 elementum,
969 1250 1052 1310 eunt
1082 1250 1193 1311 astra
1220 1245 1258 1310 in
1288 1267 1432 1332 genere,

286 1388 432 1453 quorum
450 1366 488 1432 in
506 1366 584 1433 aliis
602 1366 886 1455 praedominatur
908 1391 1025 1456 aqua,
1046 1375 1168 1457 utpote
1199 1392 1287 1456 quae
1317 1370 1433 1437 aliena

285 1494 361 1560 luce
376 1493 506 1577 lucent,
520 1500 555 1559 et
569 1491 638 1559 ista
654 1501 736 1560 sunt
751 1494 904 1579 tellures,
919 1492 1111 1561 cuiusmodi
1127 1502 1210 1563 sunt
1226 1516 1311 1582 quos
1326 1495 1433 1584 vulgo

286 1618 449 1685 Planctus
467 1617 659 1705 appellant,
679 1641 825 1705 quorum
840 1619 902 1685 lux
920 1641 989 1687 non
1009 1620 1192 1705 scintillat,
1214 1630 1285 1690 ete
1308 1621 1434 1708 quibus

286 1742 439 1810 visibilia
459 1751 541 1811 sunt
559 1737 731 1811 duntaxat
749 1767 789 1810 ea
808 1767 895 1831 quae
917 1766 1026 1833 prope
1049 1766 1125 1829 nos,
1147 1747 1334 1813 remotiora
1352 1768 1434 1814 vero

223 1878 265 1942 10
287 1875 430 1956 propter
452 1870 605 1957 eorporis
635 1869 869 1936 minoritatem
899 1876 935 1937 et
963 1870 1052 1937 lucis
1081 1871 1290 1937 tenuitatem
1320 1872 1435 1938 minus

287 1993 464 2079 videntur,
495 2002 530 2061 et
559 1993 636 2061 ideo
666 2016 839 2083 perpauca
867 2017 909 2061 ex
932 1995 1017 2083 ipsis
1040 2001 1123 2062 sunt
1141 1995 1337 2081 sensibilia;
1365 1995 1434 2062 alia

288 2122 425 2188 suntin
444 2121 570 2208 quibus
588 2122 871 2209 praedominatur
894 2123 1023 2211 ignis,
1044 2130 1194 2209 suntque
1212 2123 1344 2190 maiora
1363 2145 1435 2190 cor·

287 2254 504 2335 poraetper
527 2246 657 2335 seipsa
680 2247 811 2333 lucent,
842 2256 878 2314 et
905 2248 990 2314 haec
1014 2248 1131 2315 omnia
1160 2247 1364 2316 scintillant.
1388 2249 1435 2314 Et

288 2372 372 2439 haec
390 2394 533 2461 corpora
551 2372 703 2439 Deorum
722 2373 862 2439 nomine
880 2374 1117 2462 appellantur,
1142 2379 1178 2441 et
1204 2380 1287 2441 eunt
1304 2374 1435 2462 praeci-

224 2510 265 2575 15
288 2521 357 2588 pua
376 2498 498 2565 mundi
515 2498 686 2584 membra,
703 2521 850 2584 quorum
865 2499 969 2586 ignea
988 2499 1140 2566 Deorum
1154 2500 1296 2566 nomine
1313 2499 1435 2566 intitu-

287 2625 418 2708 lantur,
449 2645 560 2709 aquea
589 2644 671 2690 vero
700 2622 862 2691 Deorum.
889 2625 1014 2710 Itaque
1036 2631 1077 2691 ut
1096 2624 1224 2711 duplex
1244 2631 1296 2691 est
1315 2645 1433 2690 eorum

288 2770 409 2837 genua,
424 2748 474 2815 ita
489 2747 617 2836 duplex
628 2756 680 2815 est
690 2771 807 2815 eorum
823 2750 985 2837 generale
1002 2771 1143 2831 nomen;
1159 2749 1324 2815 Liberum
1341 2749 1434 2815 enim

288 2873 467 2962 appellant
486 2872 599 2939 Solem
623 2896 683 2940 sen
706 2874 923 2961 Apollinem,
943 2875 1098 2941 Triviam
1118 2897 1178 2940 seu
1198 2874 1349 2940 Dianam
1373 2898 1433 2941 seu

288 2998 446 3065 Cererem
470 2999 649 3087 appellant
672 2999 817 3066 Lunam.
841 3000 942 3068 Unde
965 3000 1219 3087 Pythagoricus
1234 2998 1357 3065 ‘Liber
1372 3000 1435 3090 (et)

221 3135 266 3198 20
288 3124 380 3191 alma
398 3122 530 3209 Ceres',
550 3125 614 3190 sub
633 3124 751 3191 Liberi
770 3126 911 3192 nomine
929 3125 1098 3213 intelligit
1116 3147 1234 3194 omnes
1253 3125 1434 3209 Deos,sub

288 3247 422 3315 Cereris
440 3270 559 3316 omnes
579 3249 679 3316 Deas.

288 3457 362 3532 DE
406 3456 498 3533 HIS
544 3457 693 3548 QVAE
737 3457 877 3537 SVNT
918 3455 1094 3533 PROPE
1137 3456 1432 3533 SIMPLIOIA.

378 3681 490 3766 Propo
508 3701 590 3747 vero
609 3679 779 3768 simplicia
798 3686 880 3745 sunt
898 3679 934 3744 in
954 3678 1084 3766 duplici
1102 3702 1236 3766 genere.
1257 3679 1320 3744 Est
1340 3680 1433 3745 enim

289 3826 397 3893 prope
415 3805 563 3893 simplex
582 3805 725 3893 spiritus
741 3804 963 3886 universalis,
985 3804 1045 3889 qui
1068 3811 1120 3869 est
1150 3811 1209 3869 aar
1234 3804 1434 3870 universum

223 3937 266 4000 25
289 3952 437 3998 vacuum
456 3931 608 4018 replens,
628 3937 665 3996 et
683 3929 774 4015 quod
793 3930 994 3997 existimant
1013 3927 1263 4016 Amphitritem
1280 3930 1434 3996 omnium

384 4114 400 4163 4
417 4112 615 4164 constantioris
624 4112 659 4161 ΔΙ
723 4112 772 4162 4.5
788 4112 894 4178 quibus
908 4121 925 4176 p
938 4115 980 4175 (ε
992 4115 1070 4177 prae)
1086 4114 1235 4163 concurrit
1249 4111 1283 4160 Α1
1346 4114 1362 4162 5
1378 4114 1436 4164 alia

291 4192 518 4246 sentosarum
589 4194 620 4243 12
644 4196 752 4255 contr]
775 4194 895 4254 (zaunt
917 4191 1047 4258 qnae)A
1116 4193 1198 4244 laxo
1220 4193 1436 4257 Pythagoricus

292 4276 408 4336 (Poeta)
421 4275 476 4325 sub
485 4274 602 4325 nomine
615 4273 728 4325 Cereris
738 4273 879 4335 intelligit
893 4287 992 4323 omnes
1005 4272 1090 4338 Deae,
1102 4281 1132 4323 ct
1144 4272 1198 4323 sub
1208 4273 1325 4324 nomine
1336 4275 1435 4324 Liberi

292 4356 433 4420 intelligit
445 4369 544 4406 omnes
557 4356 633 4405 Deos
647 4354 690 4414 M,
704 4352 748 4403 cho
763 4370 812 4404 our.
830 4354 917 4404 Liber
933 4353 1008 4405 alma
1025 4354 1123 4418 Geram
1150 4355 1184 4418 cs.
1205 4354 1248 4404 del
1264 4360 1334 4404 resto
1350 4369 1434 4417 sopra

290 4454 320 4505 p.
335 4439 382 4498 37,
401 4439 430 4486 15
444 4452 497 4500 sqq.
560 4435 748 4486 utnomsna
813 4435 1051 4501 ffijorrrqnemr
