3488 5108
751 417 913 465 noiomi
935 417 1108 463 uvuuisns.
1440 406 1500 464 alt

361 583 415 640 tra
434 577 477 656 A;
499 575 589 642 siout
607 575 700 641 enim
719 575 770 641 sol
786 574 1016 641 illuminando
1031 583 1144 641 adrem
1160 575 1252 642 diem
1268 575 1405 660 format,
1423 574 1499 643 ideo

361 699 649 766 concordantibus
669 700 728 765 OD
747 700 785 765 in
807 701 951 767 materia
971 722 1040 767 nox
1069 699 1252 784 formatur,
1273 723 1360 787 quae
1388 702 1500 768 coloro

361 830 413 891 est
430 824 548 911 nigra,
578 825 769 891 crassitiem
797 824 927 891 habens
954 848 1012 891 seu
1040 823 1318 913 spissitudinem,
1343 848 1431 912 quae
1449 827 1499 892 ni-

359 953 465 1038 gredo
477 952 528 1018 ita
539 960 681 1041 propter
694 951 954 1018 multitudinem
967 951 1132 1018 materiae
1148 953 1321 1018 terrestris
1333 960 1367 1019 et
1379 974 1497 1040 aquae,

315 1085 336 1148 5
360 1076 646 1163 quemadmodum
666 1077 801 1143 cholera
820 1076 1063 1144 manifestatur
1078 1084 1220 1165 propter
1240 1076 1498 1145 multitudinem

359 1202 551 1290 splendoris
569 1203 673 1290 ignei.
703 1204 803 1272 Unde
822 1206 852 1271 si
870 1204 935 1270 hoo
962 1203 1155 1292 perceperit
1178 1202 1330 1270 modicus
1355 1213 1498 1271 streete

360 1327 444 1394 velit
458 1328 633 1396 infirmum
650 1352 782 1414 curare,
799 1329 901 1395 debet
916 1329 1081 1396 virtutem
1096 1328 1160 1396 BA
1173 1327 1326 1416 implere,
1337 1337 1376 1397 ut
1390 1330 1499 1418 possit

360 1453 490 1521 intrare
509 1454 548 1521 in
565 1455 746 1522 materiam
764 1454 917 1542 ipsorum
936 1454 1008 1520 OD.

449 1648 527 1722 Quia
543 1648 676 1709 iuvanda
691 1654 877 1727 semperest
893 1655 1001 1708 natura
1019 1646 1215 1727 inpotentia,
1235 1666 1295 1708 non
1312 1647 1343 1707 in
1359 1655 1438 1708 aotu.

296 1849 338 1911 10
452 1843 630 1910 Multoties
650 1865 730 1909 vero
745 1842 918 1929 contingit
938 1841 1029 1928 quod
1047 1841 1085 1906 in
1104 1841 1205 1907 urina
1224 1847 1366 1930 propter
1382 1841 1499 1928 aliquo

359 1969 551 2037 accidentia
570 1969 698 2036 veritas
717 1967 947 2055 aegritudinis
966 1990 1037 2034 non
1053 1967 1323 2049 demonstratum
1341 1966 1500 2053 tangitur

358 2096 451 2161 enim
468 2092 655 2180 aliquando
675 2094 729 2160 vel
752 2116 813 2181 per
832 2104 1002 2160 certorum
1027 2092 1180 2159 ciborum
1200 2098 1235 2158 et
1253 2097 1396 2179 potuum
1419 2115 1498 2179 qus·

356 2219 491 2286 litatem
510 2220 566 2285 vol
584 2242 645 2307 per
662 2218 730 2285 alia
742 2219 851 2307 plura,
869 2240 955 2305 quae
971 2225 1116 2306 possunt
1130 2216 1369 2283 alterationem
1386 2217 1498 2285 faeere

356 2344 394 2410 in
412 2345 496 2433 ipsis
515 2345 685 2411 meatibus
703 2344 759 2411 vel
777 2344 815 2410 in
833 2343 909 2431 ipsa
928 2343 1086 2425 materia3
1115 2342 1192 2409 ideo
1212 2365 1289 2410 cum
1313 2366 1352 2409 ea
1376 2365 1497 2411 oonsu-

294 2471 335 2535 15
358 2468 480 2537 landus
504 2477 556 2535 est
574 2469 708 2556 pulsus,
728 2470 821 2537 oolor
844 2468 945 2535 faciei
969 2477 1004 2536 et
1029 2467 1119 2535 oouli
1138 2467 1283 2553 infirmi,
1304 2469 1396 2535 color
1414 2469 1497 2536 item

359 2595 466 2662 totius
493 2596 660 2685 eorporis,
688 2603 723 2662 et
753 2596 797 2662 ad
820 2595 888 2663 alia
911 2596 1012 2683 signa
1043 2618 1129 2682 quae
1157 2603 1303 2685 possunt
1322 2596 1499 2665 subtiliter

358 2725 578 2812 perscrutari.

448 2912 661 2994 [Praecipuum
675 2919 776 2971 antam
791 2908 909 2987 siguum
924 2907 1048 2969 dominii
1066 2916 1098 2970 st
1113 2907 1243 2969 affectus
1261 2875 1371 2970 interni
1387 2918 1436 2971 ast
1449 2929 1499 2990 ap·

359 3019 496 3103 petitus]

1003 3184 1018 3190 ⁴
1030 3184 1035 3190 ι
1047 3182 1212 3191 ...ι-...οω-
1222 3183 1282 3190 .--.
1296 3184 1497 3194 -..Ἀ--..φης

451 3278 464 3327 1
490 3276 532 3326 sol
552 3274 592 3324 X:
615 3275 670 3325 soli
688 3273 720 3323 M
783 3271 1193 3325 1.2itaoonoortantibunso
1215 3274 1263 3325 OD
1280 3280 1327 3325 ne.
1345 3274 1373 3325 Χ
1434 3277 1496 3328 tin

359 3357 453 3407 colora
469 3357 498 3407 X
558 3356 607 3406 ar
624 3355 787 3419 grossitiem
804 3353 923 3405 habens.
947 3354 988 3403 Ex
1010 3368 1067 3418 quo
1085 3355 1287 3405 manifestatur
1304 3357 1496 3422 metaphorice

358 3436 388 3486 iu
405 3437 500 3488 oolore
516 3435 632 3486 consilii
645 3434 703 3499 (sio)
724 3435 754 3485 in
777 3435 871 3496 urina,
896 3448 969 3500 quse
986 3435 1069 3497 nigra
1086 3440 1130 3483 est
1147 3439 1176 3485 ot
1192 3438 1297 3500 spissa,
1315 3452 1387 3502 <luae
1404 3438 1497 3500 nigro·

358 3517 393 3567 do
410 3523 455 3567 eto.
470 3518 505 3579 X,
521 3517 555 3581 cs.
571 3516 643 3566 Lnlt.
655 3534 686 3580 p.
702 3509 749 3565 370
812 3517 936 3581 iaquaa
949 3513 978 3563 Χ
983 3511 1014 3561 Μ
1022 3530 1028 3564 :
1044 3530 1152 3580 aqum
1166 3514 1237 3566 Lnll.
1301 3513 1453 3583 llinmnrp.
1468 3518 1498 3568 Μ

358 3599 436 3649 lali
450 3600 741 3662 tangitur-materia
758 3614 806 3647 om.
826 3596 854 3646 X
866 3595 937 3647 Lali.
1002 3595 1033 3646 16
1046 3596 1080 3646 ad
1096 3595 1152 3661 etet]
1169 3596 1207 3646 rio
1223 3596 1254 3647 M
1262 3596 1297 3661 Χ,
1315 3612 1357 3647 nto
1374 3598 1401 3647 Χ
1419 3600 1498 3655 (corno

359 3678 442 3741 Lali.)
454 3696 538 3729 aneon
549 3676 662 3728 innanzi
673 3679 736 3729 ideo
749 3691 896 3729 recurrere
910 3676 995 3727 debet
1008 3674 1073 3743 (oiod
1087 3676 1229 3741 Medicus;
1242 3680 1277 3742 rs.
1292 3677 1376 3741 liud.)
1390 3678 1423 3727 ad
1437 3680 1497 3742 pul·

358 3775 433 3821 sum,
449 3761 483 3810 ad
498 3760 621 3810 oolorsm
634 3759 718 3810 faciei
731 3767 761 3810 at
774 3759 922 3810 oculorum
937 3761 983 3808 ea.
1049 3757 1088 3807 18.
1100 3757 1129 3807 19
1145 3754 1174 3806 in
1186 3772 1273 3824 mar-p.
1285 3757 1392 3809 canali.
1406 3756 1436 3807 Μ
