3488 5108
289 368 329 426 60
727 380 866 426 reanum
887 379 989 425 envm

288 539 438 605 lominus
456 538 554 621 insit,
575 538 784 624 inexplicata
802 546 929 602 tamen.
948 537 1072 622 Itaque
1091 535 1121 600 si
1140 534 1427 621 quemadmodum

288 688 358 732 uno
387 665 561 753 perfracto
589 664 726 752 speculo
753 671 895 751 propter
917 664 1070 751 partium
1100 663 1427 750 multiplicationem

288 792 491 858 animalium
510 791 704 857 animarum
722 788 955 876 multiplicata
974 795 1056 855 sunt
1079 788 1271 876 supposita,
1292 787 1321 852 si
1340 787 1429 853 acci·

288 916 349 982 dat
364 917 490 982 iterum
506 923 622 1003 partes
640 937 758 981 omnes
771 914 810 980 in
825 937 931 980 unam
943 936 1091 980 massam
1108 913 1305 997 coalescere,
1318 935 1429 978 unum

242 1049 264 1113 ὅ
287 1041 354 1106 erit
377 1041 568 1129 speculum,
589 1063 659 1107 una
677 1040 802 1122 forma,
821 1062 892 1106 una
912 1040 1042 1122 anima,
1060 1040 1150 1105 sicut
1169 1040 1199 1104 si
1218 1061 1336 1106 omnes
1355 1037 1429 1103 fon·

286 1175 353 1250 tes,
373 1167 530 1251 flumina,
551 1166 645 1232 lacus
665 1175 700 1232 et
718 1165 828 1232 maria
842 1165 880 1231 in
899 1188 1007 1232 unum
1023 1172 1229 1233 concurrant
1248 1187 1428 1247 occanum,

286 1314 376 1358 unus
395 1291 461 1357 erit
479 1290 721 1378 Amphitrites,

374 1417 513 1481 XXIII.
533 1415 787 1502 Intelligendus
806 1423 858 1482 est
886 1417 1091 1484 universalis
1110 1416 1167 1482 hic
1186 1417 1345 1504 spiritus,
1366 1417 1427 1503 qui

285 1541 375 1607 sicut
393 1541 590 1607 intellectus
607 1541 651 1606 ab
670 1541 804 1607 intimis
822 1541 938 1607 omnia
957 1542 1140 1628 intelligit,
1161 1542 1212 1607 ita
1231 1540 1275 1606 ab
1294 1541 1427 1606 intimis

220 1672 263 1736 10
287 1668 447 1735 omnibus
475 1674 652 1755 operatur,
682 1675 722 1732 ut
753 1667 907 1734 omnium
931 1691 1046 1733 rerum
1071 1668 1200 1755 specics
1220 1673 1255 1732 et
1278 1666 1428 1748 ordinm,

284 1795 508 1882 sphaerarum
542 1799 656 1860 motus
690 1801 794 1880 atque
827 1793 1105 1863 vicislsitudincs
1138 1793 1248 1858 veluti
1280 1793 1426 1880 scriptas
1454 1794 1570 1859 125²

283 1919 411 1986 habeat
429 1921 466 1986 in
494 1943 530 1986 se
549 1920 641 2008 ipsc,
674 1942 758 2005 quas
782 1919 920 2006 quidem
950 1920 1053 1986 simul
1072 1920 1181 2007 legat,
1212 1942 1282 1985 non
1310 1926 1428 1986 tamen

285 2047 389 2113 simul
419 2048 580 2134 explicet,
612 2046 891 2133 quandoquidem
920 2047 1083 2112 materiae
1113 2046 1202 2113 ratio
1230 2069 1301 2112 uon
1331 2047 1426 2134 capit

284 2173 455 2240 actionem
474 2196 495 2239 a
513 2172 753 2240 vicissitudine
772 2171 976 2238 absolutam.

219 2295 260 2359 15
373 2299 508 2385 XXIV.
528 2297 796 2385 Imaginandum
815 2306 867 2363 est
886 2298 979 2362 huuc
997 2319 1069 2363 esse
1088 2297 1238 2384 primum
1257 2307 1425 2365 motorem

282 2424 511 2506 immobilem3
532 2423 729 2489 intellectus
746 2424 837 2488 enim
854 2422 958 2488 habet
974 2423 1158 2505 rationem,
1176 2445 1272 2489 mens
1287 2424 1427 2490 foecun-

283 2550 442 2634 ditatem,
463 2551 606 2638 spiritus
636 2557 751 2615 autem
781 2549 1025 2635 operationem.
1049 2549 1118 2614 Hic
1148 2549 1333 2635 igiturest
1364 2553 1424 2635 qui

283 2679 471 2746 immobilis
491 2679 528 2744 in
545 2701 580 2743 se
596 2678 656 2743 dat
675 2685 800 2743 cuncta
816 2678 955 2743 moveri.
971 2679 1072 2744 Unde
1085 2687 1177 2745 recte
1193 2680 1280 2745 illud
1297 2680 1426 2768 Pytha·

282 2805 408 2893 gorici:
428 2804 590 2892 ‘spiritus
609 2804 704 2869 intus
723 2803 815 2869 alia*

216 2940 260 3004 20
371 2931 487 2997 XXV.
508 2928 761 3014 Intelligendus
777 2936 829 2994 est
845 2928 977 3016 primus
994 2938 1028 2995 et
1044 2930 1250 2996 universalis
1267 2930 1423 2998 omnium

282 3056 463 3138 formator,
483 3055 588 3120 Immo
608 3053 683 3141 ipsa
702 3053 814 3120 forma
841 3053 1031 3120 formarum
1050 3054 1260 3121 distribuens
1280 3064 1315 3120 ct
1334 3056 1425 3121 ordi-

282 3203 370 3246 nans
388 3187 423 3244 et
440 3179 621 3267 perficiens
641 3178 912 3264 uniuscuiusque
931 3179 983 3244 rei
1002 3186 1127 3246 actum.

371 3304 506 3371 XXVI.
526 3304 604 3392 Ipse
633 3312 685 3370 est
716 3304 880 3370 materiae
909 3314 1146 3392 praeparator,
1177 3306 1363 3393 dispositor
1387 3316 1421 3371 et

282 3432 447 3519 agitator;
468 3453 538 3496 nou
557 3431 650 3496 euim
669 3432 780 3497 solum
798 3431 909 3497 veluti
927 3431 1040 3498 forma
1059 3433 1223 3498 materiae
1242 3434 1420 3515 secarunt,

215 3564 258 3627 25
282 3556 341 3623 sed
359 3556 468 3622 velati
487 3556 645 3644 pulcrum
664 3556 701 3621 in
721 3557 865 3622 materia
884 3557 1028 3623 suscitat
1048 3558 1251 3644 appetitum.

370 3681 523 3747 XXVII.
545 3681 670 3747 Omnia
695 3704 781 3767 quae
811 3691 974 3769 operatur
993 3683 1037 3748 ad
1066 3706 1101 3749 se
1123 3683 1238 3769 ipsum
1270 3683 1421 3766 ordinat,

282 3829 385 3892 seque
404 3807 448 3873 ad
466 3830 651 3894 supernam
675 3815 825 3873 mentem
845 3817 948 3895 atque
967 3808 1199 3891 int-ellectum
1221 3810 1312 3875 uude
1328 3809 1422 3874 vide·

372 4100 466 4152 9210
492 4098 626 4150 omnibus
653 4104 725 4166 (agit
749 4101 904 4164 cancellato)
926 4101 1099 4165 intelligite
1126 4100 1214 4166 (ipse)
1237 4101 1425 4165 operaturi]

281 4184 312 4234 19
333 4181 431 4249 Veryr'l
446 4183 512 4233 Aea.
528 4186 553 4246 6,
565 4184 615 4232 726
678 4182 863 4247 Pythagorici
876 4188 977 4248 poetae
990 4182 1136 4247 Principio
1150 4184 1260 4233 caelum
1273 4190 1303 4232 et
1316 4188 1422 4233 terram

282 4263 395 4329 (l'erpit
414 4263 449 4314 ib.
469 4265 531 4327 724)
546 4267 667 4330 posuere
681 4265 725 4325 M,
743 4264 894 4314 chronicae
912 4263 1015 4313 ilrestc
1078 4264 1109 4312 27
1126 4279 1282 4329 supernum
1303 4263 1360 4323 (noi
1377 4263 1423 4310 ab·

282 4343 367 4396 launo
381 4344 472 4395 scritto
486 4348 651 4410 supernam)
666 4352 789 4395 mentem
804 4352 891 4410 atquo
909 4344 1089 4395 intellectum
1104 4345 1125 4393 A
1138 4362 1144 4394 :
1160 4359 1325 4411 supremum
1341 4345 1424 4395 intel-

279 4428 387 4479 lectam
400 4433 486 4494 atque
500 4433 624 4477 mentem
639 4426 670 4475 l!
