3488 5108
653 430 699 475 nn
720 431 928 479 visurusne
949 434 1090 479 urrunnu.
1379 422 1439 481 673

300 586 373 651 lum
390 608 461 651 non
483 608 553 653 uno
575 587 675 654 modo
692 589 998 678 dispositamque
1014 613 1055 655 ex
1071 590 1188 657 eodem
1207 591 1338 678 pariter
1354 613 1444 657 oom-

300 712 414 800 posita
432 712 635 779 redduntur.
655 714 748 780 Hinc
768 715 908 781 adverte
939 725 978 782 ut
1008 716 1069 802 qui
1093 717 1209 782 iunior
1232 715 1387 783 extiterit
1411 724 1445 781 et

299 838 425 921 facilis,
446 839 501 904 vir
520 846 572 904 est
592 841 808 907 constantior
825 850 860 908 et
879 843 1095 930 prudentior,
1110 865 1213 908 senex
1225 842 1447 930 suspiciosior

301 965 413 1050 magis
432 971 467 1030 et
485 987 657 1051 morosus,
679 966 874 1055 decrepitus
893 968 1084 1035 contemnit
1102 974 1136 1033 et
1155 966 1300 1033 fastidit.

651 1245 797 1287 vinolentum
812 1246 950 1287 differentia.
966 1248 1016 1287 Art.
1032 1247 1095 1288 v111.

389 1460 492 1527 Unde
510 1461 643 1526 vincire
655 1460 787 1526 volenti
800 1459 1144 1528 animadvertendum
1163 1469 1225 1548 est,
1243 1472 1282 1530 ut
1298 1465 1445 1531 vineibi-

298 1584 383 1650 lium
404 1585 573 1670 quaedam
592 1586 704 1669 magis
724 1597 863 1669 natura,
888 1587 1056 1672 quaedam
1080 1589 1210 1674 metgis
1235 1590 1363 1657 iudicio
1383 1614 1443 1657 seu
1469 1598 1550 1661 91ν

299 1708 497 1795 prudentia,
516 1710 683 1794 quaedam
702 1712 813 1796 magis
828 1734 890 1778 usu
903 1720 938 1777 et
955 1712 1203 1779 cousuetudine
1221 1721 1389 1799 agantur3
1405 1724 1445 1782 ut

297 1837 404 1901 solers
431 1836 561 1922 primos
587 1858 649 1922 per
675 1836 818 1902 vincula
848 1861 889 1903 ex
917 1838 1134 1903 naturalibus
1163 1848 1375 1927 comparata,
1396 1865 1445 1907 se-

233 1968 276 2030 lo
299 1961 428 2027 cundos
452 1985 494 2027 ex
522 1963 715 2028 rationibus
744 1973 779 2028 et
804 1964 1170 2049 demonstrationibus,
1201 1967 1310 2053 signis
1335 1975 1369 2034 et
1394 1993 1445 2034 ar·

296 2088 487 2173 gumentis,
513 2088 635 2154 tertios
668 2112 710 2154 ex
738 2089 944 2176 propinquis
976 2098 1010 2154 et
1037 2092 1237 2157 necessariis
1257 2093 1390 2179 obliget
1408 2103 1443 2160 et

297 2213 476 2299 astringat.

678 2472 796 2513 vindonis
812 2473 908 2513 eversio.
924 2473 995 2512 Anio.
1012 2473 1051 2514 lx.

387 2689 557 2769 Quoniam
574 2689 685 2776 magis
698 2689 759 2754 uui
772 2689 906 2755 obiecto
919 2689 1073 2755 vincitur
1085 2692 1234 2773 auinaue,
1249 2715 1316 2779 qno
1329 2694 1440 2777 magis

229 2820 271 2884 lt
295 2816 338 2882 ab
362 2816 440 2881 aliis
459 2814 672 2881 abstrahitur
695 2822 730 2879 et
748 2814 935 2899 relaxatur,
965 2815 1042 2880 ideo
1066 2816 1231 2882 vineibile
1260 2818 1302 2882 ad
1330 2839 1438 2883 unum

294 2941 436 3007 definire
466 2941 598 3007 volenti
626 2962 749 3028 operae
775 2941 930 3028 precium
957 2950 1023 3026 est,
1044 2951 1084 3008 ut
1115 2965 1193 3008 eum
1221 2945 1257 3008 in
1287 2940 1446 3029 negotiis

293 3068 437 3153 aliisque
453 3067 556 3132 rebus
579 3073 783 3154 torpentem,
802 3067 857 3132 vel
876 3069 988 3155 magis
1004 3069 1047 3134 ub
1067 3091 1183 3134 earnm
1204 3069 1438 3135 sollieitudine

293 3192 479 3258 abductum
504 3191 640 3273 reddet,
661 3191 842 3257 iocundior
866 3193 993 3280 quippe
1013 3193 1167 3279 operatio
1188 3194 1372 3260 iocundam
1392 3196 1438 3260 al·

291 3324 399 3382 terem
420 3316 586 3398 excludit,
611 3318 748 3382 animus
776 3317 918 3382 auribus
945 3318 1101 3382 intentus
1130 3319 1279 3384 remittit
1307 3319 1436 3403 oeulos,

225 3453 270 3516 20
292 3442 460 3508 attentius
491 3443 677 3529 respiciens
712 3440 938 3524 obsurdescit,
974 3441 1212 3508 vehementius
1243 3443 1435 3529 gaudentes

290 3568 333 3633 ob
364 3591 469 3634 unam
495 3592 632 3634 cansam
656 3568 711 3633 vel
731 3568 847 3635 tristes
873 3589 943 3633 non
967 3566 1067 3633 valde
1091 3567 1184 3633 aliud
1208 3569 1359 3656 agimus,
1380 3572 1435 3635 de-

289 3692 407 3758 sidiosi
438 3694 495 3758 vel
528 3715 699 3759 cessamus
735 3693 789 3759 vel
822 3693 1039 3758 retardamur
1069 3693 1113 3759 ab
1144 3717 1264 3779 opere;
1286 3695 1351 3760 hoo
1382 3703 1433 3760 est

288 3817 455 3899 abstrahi,
473 3818 579 3901 trahi,
598 3818 724 3901 teneri,
745 3818 880 3883 vinciri.
898 3818 991 3883 Hinc
1009 3817 1127 3884 rhetor
1150 3842 1210 3906 per
1234 3819 1354 3903 risum,
1371 3843 1433 3908 per

287 3943 457 4009 invidiam
484 3950 519 4009 et
542 3944 627 4009 alios
652 3943 796 4008 affectus
816 3943 920 4008 solvit
938 3943 982 4009 ab
1002 3965 1129 4025 amore,
1149 3944 1260 4009 vineit
1279 3943 1357 4009 odio
1377 3947 1432 4011 vel

220 4086 263 4148 ‘25
288 4069 504 4156 contemptui
522 4069 577 4135 vel
597 4068 841 4155 indignationi.

378 4409 395 4457 ἱ).
411 4407 543 4459 extiteris
559 4399 605 4457 Mb
670 4409 709 4459 14.
719 4407 750 4456 23
767 4409 801 4472 cf.
813 4425 843 4472 p.
858 4409 922 4468 648,
934 4410 1013 4457 15-19
1078 4409 1110 4458 ‘23
1127 4410 1200 4459 trahi
1219 4409 1248 4459 iu
1264 4427 1349 4477 urarp.
1369 4412 1429 4473 (con

287 4486 432 4554 riehiamo)
446 4488 478 4538 d!

422 4583 498 4622 {trusi
515 4583 571 4632 epp.
586 4583 627 4620 lut.
642 4582 686 4622 111.
1242 4584 1267 4623 8⁵
