3488 5108
752 420 912 470 uunronm
934 421 1107 469 nvnnrsns.
1441 407 1497 468 621
1549 416 1555 433 ⁴

361 601 403 643 ex
429 600 468 643 eo
489 579 580 663 quod
603 579 772 644 elementa
801 602 862 667 per
893 580 955 646 illa
981 581 1056 647 loca
1086 588 1228 668 propter
1252 581 1450 647 scissionem
1469 587 1503 645 et

361 704 468 769 ictum
487 703 635 769 transire
655 727 724 771 non
743 713 901 792 possunt,
926 706 1094 773 inflantur
1117 708 1197 773 illae
1216 715 1346 795 partae,
1366 716 1402 773 et
1420 713 1504 772 sunt

361 830 482 916 plenae
501 829 703 895 humoribus
722 829 922 917 indigestio,
943 842 976 897 ct
996 832 1045 897 sic
1069 816 1269 920 deperditur
1288 832 1450 918 digestio,
1469 840 1505 897 et

361 955 549 1021 secundum
570 955 764 1042 appetitum
786 957 978 1023 naturalem
1003 959 1225 1044 conqueritur
1253 957 1434 1023 humidum·
1452 980 1503 1022 ra·

315 1075 336 1139 5
360 1080 468 1147 dicale
486 1081 528 1147 de
547 1080 688 1147 humido
712 1082 965 1166 nutrimentali,
990 1083 1081 1170 quod
1109 1106 1179 1149 non
1204 1084 1299 1149 venit
1322 1090 1362 1149 ut
1385 1083 1504 1148 venire

359 1207 503 1291 solebat,
524 1230 589 1272 nec
611 1229 650 1272 eo
673 1207 821 1294 amplius
845 1207 1005 1292 destruit,
1025 1209 1126 1275 etsie
1145 1209 1234 1296 petit
1253 1208 1463 1276 adiutorium
1484 1232 1503 1274 a

359 1333 543 1419 cirurgico,
561 1337 600 1399 ut
616 1333 742 1399 solidet
761 1333 821 1399 illa
841 1357 928 1420 quae
947 1342 1105 1422 separata
1124 1343 1206 1400 sunt
1223 1359 1286 1423 per
1304 1335 1502 1401 scissionem
1518 1360 1522 1368 ·

359 1459 414 1525 vel
430 1459 551 1541 ictum,
569 1458 770 1546 expellendo
790 1480 907 1525 omncs
927 1461 1035 1525 malos
1057 1460 1234 1544 humorem,
1253 1468 1287 1527 et
1306 1460 1370 1527 hoc
1389 1460 1501 1526 facere

358 1585 488 1670 poterit
510 1585 746 1671 cognoscendo
763 1585 1015 1672 complexiones
1039 1592 1074 1650 et
1096 1586 1244 1652 virtutes
1263 1608 1391 1669 rerum,
1410 1586 1503 1674 prin·

295 1710 337 1773 10
359 1708 503 1795 cipium,
530 1709 770 1794 augmentum,
796 1700 924 1775 statum
953 1717 987 1774 et
1016 1710 1296 1796 declinationem,
1321 1718 1356 1776 et
1385 1711 1501 1777 omnia

359 1856 446 1918 quae
464 1833 506 1898 ad
527 1834 640 1920 ipsum
660 1835 846 1921 pertinent.

453 2099 466 2147 l
484 2097 636 2148 scisionom
648 2097 677 2147 X
738 2098 754 2146 6
770 2096 808 2147 sic
821 2098 848 2147 X
