3488 5108
557 415 646 460 uum
668 418 879 464 rursrconur
899 422 1111 469 ameromms
1131 424 1328 470 ureniana
1450 408 1508 466 att

367 569 654 654 profunditatem.
674 572 795 657 ltaque
814 597 892 639 cum
920 577 1008 641 aliae
1036 577 1266 642 dimensiones
1296 600 1365 641 non
1389 594 1505 641 extent

367 712 505 779 praeter
517 717 711 782 corporeas.
723 699 813 763 ratio
826 700 1026 765 continendi
1039 724 1107 766 non
1120 703 1270 789 pertinet
1283 702 1327 767 ad
1339 702 1508 789 spatium.

366 819 458 903 quod
478 819 565 884 nihil
585 840 635 885 est
655 844 769 908 perse
788 824 875 889 citra
895 846 1054 913 corpora.
1072 826 1115 893 de
1138 849 1284 912 «luorum
1303 828 1438 893 ratione
1456 844 1506 892 est

366 944 614 1010 dimensionem
640 946 781 1017 habere.
800 972 888 1033 «prae
906 951 1046 1035 qttidem
1065 951 1296 1017 dimensiones
1327 973 1397 1016 non
1427 968 1506 1017 sunt

320 1066 624 1156 oeompossibiles
651 1096 723 1137 esse
753 1074 855 1139 simul
875 1074 999 1159 plures.
1024 1077 1249 1162 Relinquitur
1275 1076 1413 1163 propria
1441 1076 1508 1142 loci

365 1194 523 1261 definitio
542 1212 575 1260 et
595 1199 742 1262 essentia
762 1199 952 1265 consistens
972 1202 1008 1265 iu
1026 1224 1152 1287 genere
1170 1202 1375 1289 superficiei.

789 1482 824 1520 lte
839 1488 949 1532 tempore.
964 1483 1021 1523 Tex.
1037 1485 1083 1522 tw.
1532 1465 1623 1528 49³
1634 1468 1681 1531 Β

454 1677 604 1762 Tempus
617 1698 753 1760 qrroque
766 1675 944 1741 Aristoteli
957 1675 1122 1742 delinitur
1132 1678 1233 1742 aliter
1246 1699 1348 1763 quam
1363 1677 1506 1763 reliquis

365 1799 594 1887 philosophis:
640 1800 882 1866 diciturenim
907 1824 1092 1867 mensura
1120 1812 1249 1867 motus
1279 1818 1320 1866 ot-
1353 1801 1508 1887 quiet-ie
1533 1810 1676 1877 34'0

300 1928 343 1990 10
364 1925 581 1990 secundum
608 1926 721 2011 prius
744 1946 780 1988 ct
807 1926 1026 2011 posterius,
1052 1926 1238 1991 seeundum
1263 1925 1354 2010 qruul
1374 1925 1506 2012 aliquid

363 2050 491 2115 dieitur
513 2050 716 2115 diuturnum
744 2075 802 2115 seu
828 2051 969 2136 longum
988 2065 1023 2115 et
1042 2050 1158 2131 breve,
1178 2050 1314 2116 tardum
1334 2059 1369 2116 et
1392 2050 1506 2133 velox,

364 2198 432 2260 quo
445 2175 634 2240 subiectire
648 2175 858 2261 intelligitur
870 2198 942 2239 esse
956 2176 992 2239 iu
1007 2188 1127 2240 octava
1143 2175 1236 2262 apud
1250 2175 1348 2241 illum
1361 2174 1506 2262 sphaera

364 2322 422 2366 seu
443 2300 554 2387 primo
570 2301 699 2365 mobili.
717 2301 853 2365 Dicitur
872 2300 983 2386 primo
1002 2323 1164 2366 mensura
1183 2318 1296 2366 motus
1311 2312 1344 2366 et
1364 2301 1503 2387 quietis,

364 2426 446 2511 quia
464 2427 493 2490 si
513 2426 629 2491 nullus
647 2438 736 2491 esset·
755 2440 880 2505 motus,
902 2425 1034 2491 nullum
1057 2438 1147 2493 esset
1165 2426 1271 2491 etiam
1289 2436 1426 2512 tempus
1445 2448 1504 2491 ne·

299 2553 340 2616 15
364 2573 429 2634 que
447 2550 639 2618 durationis
658 2552 760 2627 ratim
781 2562 818 2617 ut
838 2562 890 2616 est
909 2551 1130 2617 manitestum
1149 2574 1190 2616 ex
1215 2551 1279 2616 hoo
1307 2549 1398 2636 quod
1427 2550 1503 2616 ideo

363 2677 553 2742 iudicamus
573 2676 754 2741 lectionem
775 2699 846 2741 esse
877 2677 1029 2761 longam,
1062 2677 1143 2762 quia
1172 2677 1301 2742 multus
1332 2674 1417 2741 caeli
1445 2698 1504 2741 sou

363 2801 444 2867 solis
464 2818 576 2867 motus
597 2800 724 2881 lactus,
744 2823 804 2867 seu
830 2801 959 2867 multus
989 2802 1101 2867 tluxus
1130 2801 1285 2888 pulveris
1313 2801 1368 2865 rel
1396 2823 1504 2886 aquae

363 2930 416 2993 vel
437 2930 564 2994 multae
582 2930 692 2994 lineae
710 2929 745 2994 in
761 2928 949 3015 horoscopo
966 2940 1047 2992 suut·
1062 2928 1326 3015 praeterlapsae3
1346 2927 1404 2992 ubi
1423 2948 1502 2992 vero

363 3057 457 3121 nulla
477 3068 527 3120 est
549 3057 696 3121 mutatio
716 3055 925 3137 huiusmodi,
947 3055 1079 3121 nullum
1097 3063 1149 3119 ost
1168 3065 1313 3141 tempus.
1335 3056 1422 3119 Item
1443 3054 1502 3119 ubi

296 3184 340 3246 ι20
363 3182 456 3246 nulla
481 3192 533 3246 est
557 3192 669 3246 motus
695 3181 934 3267 apprehensio,
960 3203 1068 3265 neque
1093 3181 1256 3267 temporis
1273 3179 1501 3266 apprehensio

362 3320 430 3387 est,
451 3320 489 3371 ut
508 3316 603 3393 patet
624 3308 659 3371 iu
679 3307 746 3388 liis,
767 3306 825 3391 qui
847 3306 939 3393 apud
964 3306 1088 3371 Sardos
1108 3306 1311 3372 dormivisse
1328 3305 1501 3387 dicuntur,

363 3436 421 3518 qui
442 3459 519 3501 cunt
538 3446 617 3522 post
636 3434 833 3500 centenaria
859 3458 1027 3500 aunorum
1055 3435 1295 3520 evigilasseut,
1326 3456 1393 3499 nou
1423 3434 1501 3520 plus

362 3588 397 3628 se
415 3563 580 3628 dormisse
599 3563 845 3628 existimabant.
859 3585 961 3647 quam
982 3574 1020 3626 ut-
1037 3584 1098 3648 pro
1119 3584 1213 3626 more
1232 3584 1411 3647 possumus
1430 3561 1500 3624 oxi·

362 3689 511 3753 stimare.
532 3689 693 3753 Mensura
712 3689 794 3753 ite-m
814 3687 942 3752 dicitur
961 3698 1096 3773 tempus
1120 3710 1179 3752 seu
1199 3708 1360 3751 ruuuerus
1378 3696 1500 3755 motus.

295 3816 338 3876 ‘lo
362 3838 431 3880 non
451 3839 517 3900 quo
538 3839 757 3881 numeramus
778 3839 836 3879 seu
856 3837 1108 3896 mcnsmunuts,
1130 3813 1189 3878 sed
1214 3814 1272 3899 qui
1298 3822 1499 3878 muneratur

360 3964 418 4006 seu
436 3965 523 4025 «luae
541 3951 766 4006 mensuratur.
785 3942 848 4006 Est
864 3941 946 4005 item
964 3948 1099 4026 tempus
1116 3938 1365 4024 quolammodo
1382 3962 1498 4020 urunn,

361 4067 548 4131 secuudum
568 4068 658 4151 quod
678 4078 711 4129 et
732 4090 798 4150 quo
818 4066 987 4130 contineri
1007 4065 1251 4150 intelliguntur
1275 4064 1391 4129 omniu
1411 4087 1498 4148 lpum

360 4208 555 4276 mouentum
591 4202 642 4260 est
676 4194 780 4259 otiam
815 4192 1064 4277 ‹prodammodo
1098 4191 1365 4257 innumerabilia
1402 4192 1499 4257 iuxta

453 4465 484 4514 12
500 4463 603 4529 sphera
613 4463 638 4511 B
702 4464 730 4512 ro
747 4462 863 4514 multiO
923 4462 954 4510 20
970 4463 1175 4529 appraohonsio
1186 4461 1223 4523 Ε,
1235 4467 1297 4512 tutte
1310 4480 1323 4511 o
1334 4462 1385 4513 doc
1396 4462 1418 4512 le
1435 4463 1499 4513 ooltc

493 4568 569 4606 Bausr
586 4568 640 4614 Opp.
653 4568 693 4604 tut.
706 4566 747 4604 111.
1312 4566 1338 4604 to
