3488 5108
665 415 795 460 nitreas
816 415 975 463 rmomrn
997 416 1203 463 srarvnnvn.
1449 403 1502 460 111

363 579 421 638 cut
440 580 475 638 ot
494 572 624 638 bonum
644 572 832 637 secimdum
853 579 962 638 artem
994 580 1045 638 est
1066 573 1229 659 quicquid
1251 579 1411 639 naturam
1431 572 1505 638 imi-

362 705 467 765 tatur.

449 822 589 889 XXIX.
615 823 713 889 Sicut
744 824 870 912 triplex
902 830 953 891 est
982 824 1126 891 Coelum
1154 825 1409 910 (intentionale,
1430 824 1506 890 abs·

361 956 511 1015 tractum
535 973 554 1015 a
578 949 694 1033 rebus,
714 949 937 1016 simulacrum
961 950 998 1016 in
1023 958 1137 1016 mente
1156 957 1289 1032 nostra,
1311 951 1416 1015 immo
1432 949 1508 1037 ipsa

316 1076 337 1138 b
361 1075 552 1163 specierum
571 1074 850 1161 intelligibilium
871 1075 1042 1157 collectio;
1064 1077 1111 1140 21>
1129 1075 1312 1163 physicum
1333 1097 1392 1140 seu
1408 1081 1508 1141 natu·

360 1198 446 1283 mle,
466 1199 557 1286 quod
581 1206 633 1264 est
657 1199 814 1297 sensibus
839 1201 990 1266 externis
1014 1200 1203 1282 obiectum3
1228 1202 1274 1264 3.⁰
1298 1199 1508 1286 metaphysi-

362 1346 453 1409 cum‚
484 1324 709 1412 archetypum
740 1334 775 1391 et
808 1324 979 1411 divinum,
1004 1327 1041 1392 in
1066 1325 1158 1412 quod
1182 1325 1366 1413 rapiuntur
1393 1326 1505 1392 divini

360 1450 542 1534 homines),
564 1450 613 1517 ita
633 1451 761 1539 triplex
782 1451 923 1535 bonum,
944 1452 994 1518 ita
1014 1453 1050 1518 in
1074 1451 1223 1539 triplicis
1246 1451 1330 1517 boni
1354 1450 1506 1518 couside-

360 1577 529 1643 rationem
547 1577 718 1664 rapimur:
736 1576 990 1659 intentionalis,
1008 1577 1110 1644 realis
1127 1583 1161 1643 ot
1177 1577 1420 1665 metapliysici3
1435 1576 1506 1663 opi·

295 1710 338 1774 10
359 1701 500 1785 nabilis,
521 1702 595 1768 veri
615 1709 649 1767 et
669 1701 828 1769 absoluti.

449 1826 571 1893 XXX.
597 1829 649 1893 Ex
669 1828 736 1893 fine
755 1829 923 1895 bonitatis
943 1852 984 1894 cx
1004 1850 1106 1916 scopo
1123 1834 1250 1912 motuS,
1269 1825 1413 1911 ordinis,
1431 1828 1506 1914 pul-

362 1952 545 2018 critudinis
564 1952 765 2019 devenimus
785 1954 821 2019 in
842 1953 1152 2020 considerationem
1175 1953 1272 2036 boni,
1298 1953 1389 2038 quod
1414 1952 1505 2018 idem

362 2085 413 2143 est
444 2077 535 2163 quod
563 2078 655 2162 finis,
680 2079 776 2145 cuius
801 2079 958 2167 superius
987 2080 1141 2146 membra
1165 2079 1201 2144 in
1225 2079 1365 2167 propriu
1389 2084 1505 2144 statua

361 2204 620 2292 explicavimus

655 2528 730 2600 DE
773 2526 959 2603 OAMPO
1001 2527 1221 2604 VESTAE

527 2671 744 2745 VTPOTE
788 2672 862 2744 DE
906 2672 1046 2748 BONO
1089 2671 1343 2749 FOEMALI.

450 2951 504 3015 Ex
528 2949 644 3015 Coelio
668 2958 703 3014 et
727 2949 832 3014 Vesta
856 2957 938 3014 nete
963 2958 1014 3015 est
1039 2951 1196 3033 Astraea,
1222 2973 1325 3036 quam
1351 2950 1506 3016 iustitiae

362 3078 469 3142 Deam
490 3075 676 3162 appellant.
697 3075 791 3139 Haec
811 3074 911 3139 nobis
931 3075 1083 3161 fingatur
1107 3074 1193 3161 logis
1211 3075 1350 3140 moralis
1369 3074 1506 3140 tabulas

362 3201 546 3289 inscriptas
559 3199 703 3283 habene,
720 3199 894 3286 inquibus
909 3200 1100 3265 accidentia
1116 3208 1150 3266 ot
1167 3201 1318 3266 rationes
1331 3200 1507 3266 moraliter

294 3332 340 3395 20
362 3326 520 3414 degentis
536 3326 649 3410 legere
668 3324 779 3389 liceat.
801 3325 960 3410 Ipsarum
980 3325 1062 3391 ordo
1079 3326 1127 3390 ita
1148 3326 1332 3412 digeritur,
1350 3333 1390 3390 ut

445 3451 568 3519 Primo
588 3447 721 3535 aliquid
739 3449 869 3514 bonum
889 3448 1061 3515 iudicetur
1078 3473 1118 3515 ox
1139 3450 1267 3532 indole,
1287 3457 1427 3527 natura,
1452 3472 1511 3535 ge-

363 3600 459 3658 nore;
479 3577 661 3662 vulgatum
681 3575 774 3639 enim
794 3583 846 3639 est
865 3575 976 3640 simile
997 3576 1064 3640 sibi
1083 3598 1247 3662 generare
1271 3576 1397 3656 simile,
1418 3573 1509 3640 unde

363 3703 528 3769 nobilitas
557 3725 598 3766 ex
627 3702 796 3786 sanguine
821 3708 994 3783 censatum
1019 3703 1166 3767 multum
1192 3703 1283 3767 enim
1309 3701 1393 3766 facit
1418 3701 1509 3766 inter

363 3851 446 3915 quos
467 3852 485 3892 a
507 3826 655 3914 pueritia
676 3827 850 3913 quispiam
870 3827 974 3891 fuerit
991 3827 1178 3907 crimmum,
1200 3827 1281 3913 quia
1299 3850 1399 3911 quom
1417 3849 1506 3892 nova

295 3964 339 4028 25
363 3960 452 4018 tosta
472 3953 578 4039 capit,
604 3951 664 4017 diu
687 3952 840 4016 servabit
865 3950 1016 4033 odorem,
1043 3961 1076 4017 ot
1099 3952 1359 4017 inclinationem
1387 3951 1507 4037 virgae

362 4081 518 4166 sequitur
537 4079 669 4145 arboris
689 4078 870 4144 inclinatio
890 4079 1082 4143 crescentis.

455 4344 471 4390 8
487 4340 528 4390 ita
546 4340 650 4405 triplex
668 4340 776 4389 bonum
794 4355 841 4389 oar.
860 4337 903 4402 M;
915 4339 994 4399 sorae
1012 4335 1097 4387 insece
1114 4336 1281 4388 delectando
1303 4338 1344 4387 itu
1362 4334 1505 4401 biscpaerd

361 4422 475 4473 scrivere
488 4428 517 4472 et
565 4423 593 4471 ll
608 4436 694 4487 scopo
708 4421 740 4470 M
747 4436 817 4470 corr.
829 4418 849 4467 Α
902 4419 931 4468 12
945 4418 1057 4469 irinarrzi
1066 4437 1083 4467 a·
1093 4419 1260 4470 devenimus
1272 4418 1390 4470 carmello
1403 4419 1469 4470 desc
1481 4419 1503 4469 Α

363 4505 394 4554 16
410 4519 513 4559 errore
526 4520 560 4554 us
575 4503 611 4551 A:
628 4502 721 4556 saud!
782 4502 821 4550 21.
831 4501 862 4550 25
879 4499 977 4549 Horat.
992 4499 1080 4567 Epist.
1095 4503 1117 4561 1,
1136 4503 1161 4560 2,
1179 4501 1211 4551 70
