3488 5108
306 369 366 428 518
744 383 883 430 roanmu
904 383 1006 429 nnvm

306 564 366 608 seu
389 541 498 607 effluit
517 564 537 606 a
556 541 698 608 candela
716 564 778 629 per
805 541 897 628 ignis
927 541 1185 626 resolutionem,
1204 541 1295 607 sieut
1312 565 1333 608 a
1352 539 1453 607 fonte

305 665 445 750 fluvius,
465 666 516 732 ita
539 673 578 731 ut
597 688 774 751 nunquam
794 667 841 731 sit
867 664 986 732 eadem
1015 666 1155 733 flamma
1178 674 1213 732 et
1231 667 1323 733 idem
1341 688 1455 754 vapor

306 791 366 876 qui
381 789 557 878 aplparet,
579 791 638 856 sed
668 813 801 878 semper
829 791 917 857 alius
946 798 1051 878 atque
1080 791 1178 857 alius.
1206 791 1308 859 Unde
1338 791 1454 858 facem
1479 794 1569 856 41*

306 916 416 999 illam,
436 938 540 1001 quam
558 915 715 981 videmus
734 916 926 1000 ardentem,
946 916 1006 981 vix
1036 917 1080 982 ad
1108 939 1217 982 unum
1234 916 1370 983 instans
1389 939 1455 983 nu·

260 1039 398 1106 bmero
429 1041 573 1106 eandem
605 1039 768 1105 debemus
796 1040 1004 1127 intelligere,
1043 1041 1125 1106 licet
1157 1040 1385 1107 immutabilis
1415 1047 1454 1105 et

305 1173 466 1232 constans
478 1171 635 1253 apparet,
648 1163 758 1230 nihilo
775 1171 892 1231 tamen
909 1164 1023 1231 minus
1038 1164 1150 1253 ipsam
1167 1165 1272 1230 aliam
1291 1173 1326 1230 et
1344 1167 1453 1232 aliam

304 1291 468 1357 continuo
487 1290 650 1357 debemus
669 1290 834 1373 iudicare,
852 1313 956 1378 quem
971 1290 1218 1378 superevolans
1233 1290 1349 1358 fumus
1365 1314 1455 1357 sern-

304 1439 366 1503 per
384 1423 437 1481 est
459 1415 547 1482 alius
572 1423 676 1502 atque
699 1416 788 1482 alius
815 1415 853 1481 in
885 1439 987 1503 quem
1016 1439 1151 1503 semper
1169 1416 1360 1483 necessario
1380 1416 1453 1483 alia

305 1548 409 1627 atque
424 1541 492 1606 alia
507 1540 646 1606 flamma
663 1540 887 1607 convertitur.
902 1540 995 1626 Ergo
1012 1540 1105 1627 ignis
1121 1546 1283 1607 constans
1302 1547 1337 1606 et
1350 1540 1454 1607 absu-

240 1677 282 1739 10
304 1688 402 1731 mens
421 1666 574 1753 adipem,
600 1688 659 1732 seu
683 1665 914 1732 substantiam
938 1665 1035 1730 illam
1060 1666 1350 1750 combustibilem,
1377 1689 1452 1734 non

302 1797 354 1855 est
372 1790 432 1856 illa
451 1789 592 1856 flamma
610 1789 764 1876 evolans,
784 1813 872 1876 quae
891 1790 1008 1877 ignem
1025 1790 1119 1877 fugit
1135 1798 1169 1856 et
1184 1791 1228 1857 ab
1242 1791 1324 1877 igne
1338 1792 1451 1859 veluti

302 1915 475 1980 contrario
494 1938 530 1981 se
547 1915 710 2002 proripit,
731 1915 790 1981 sed
810 1916 978 2000 quaedam
998 1914 1166 2003 spiritalis
1184 1915 1379 1982 substantia
1398 1917 1452 1982 in-

301 2039 463 2123 visibilis,
484 2040 580 2106 cuius
597 2047 710 2107 motus
729 2042 967 2127 progressivae
986 2041 1024 2105 in
1043 2039 1176 2126 agendo
1195 2045 1248 2106 est
1266 2039 1448 2126 deorsum3

302 2170 337 2228 et
356 2162 412 2229 hic
431 2172 482 2230 est
505 2164 626 2231 modus
655 2187 724 2251 quo
753 2170 934 2231 conservat
957 2167 1130 2252 seipsum
1158 2165 1197 2230 in
1225 2165 1381 2233 subiecto
1412 2175 1450 2233 et

237 2292 277 2356 15
301 2289 376 2376 agit
398 2289 437 2355 in
460 2289 624 2356 subiecto.
644 2290 809 2356 Fatemur
828 2290 976 2356 eundern
998 2312 1134 2356 sursum
1163 2289 1345 2356 ascendere
1366 2290 1448 2357 sub-

303 2415 470 2482 stantiam
484 2415 617 2502 pariter
636 2415 864 2500 corrodendO,
882 2415 964 2480 item
980 2414 1197 2482 dextrorsum
1211 2413 1448 2483 sinistrorsum

302 2542 538 2628 persequendo
557 2541 811 2608 nutrimentum
830 2547 865 2606 et
883 2541 1050 2627 pabulum
1069 2541 1161 2626 quod
1179 2541 1271 2628 potis
1291 2549 1342 2608 est
1361 2563 1442 2609 con·

300 2667 445 2755 tingere.

392 2795 499 2858 Porro
540 2793 577 2858 in
615 2793 840 2877 enumeratiS,
875 2798 914 2857 ut
956 2791 994 2856 in
1031 2791 1172 2857 candela
1209 2798 1293 2877 etc,
1331 2797 1446 2858 motus

235 2929 279 2992 20
302 2917 443 2984 omnino
463 2924 515 2983 est
539 2917 710 3000 deorsum,
731 2924 765 2981 et
785 2924 898 2982 motus
918 2938 1052 2982 sursum
1072 2923 1160 2982 esset
1179 2916 1231 2981 illi
1250 2917 1445 2983 contrarius

301 3051 336 3108 et
354 3043 595 3109 destructivus
614 3043 667 3106 Ex
685 3042 762 3106 istis
781 3064 851 3106 non
867 3041 1031 3107 mediocri
1048 3041 1333 3128 contemplationi
1348 3042 1443 3109 locus

301 3170 471 3257 aperitur,
492 3169 520 3234 si
540 3168 795 3254 distinguamus
814 3190 933 3252 verum
954 3168 1070 3252 ignem
1090 3190 1110 3231 a
1132 3167 1270 3253 vulgari
1289 3167 1388 3253 igne,
1409 3176 1444 3233 et

300 3297 417 3382 ignem
436 3294 579 3359 vitalem
595 3292 638 3358 ab
658 3292 739 3378 igne
758 3292 885 3375 lucido,
904 3301 938 3357 et
964 3293 1081 3377 ignem
1105 3292 1203 3356 illum
1224 3292 1282 3375 qui
1302 3299 1353 3358 est
1369 3294 1442 3359 vita

300 3421 480 3485 viventum
499 3423 534 3482 et
553 3417 756 3483 animalium
776 3416 818 3480 ab
839 3416 919 3502 igne
949 3417 1174 3499 destructive,
1206 3417 1378 3483 corrosivo
1408 3425 1444 3483 et

233 3552 276 3616 25
300 3544 465 3626 violento,
486 3542 569 3608 item
589 3542 706 3629 ignem
726 3541 911 3606 secundum
931 3564 1036 3606 tinam
1065 3543 1212 3628 speciem
1232 3547 1267 3606 et
1296 3542 1445 3628 qualita-

299 3676 369 3734 tem
388 3676 423 3732 et
441 3668 559 3755 ignem
580 3668 767 3733 seeundum
788 3666 873 3732 alias
893 3666 1031 3753 species.

387 3795 454 3859 Hic
473 3794 612 3860 adverte
631 3815 693 3859 uos
713 3793 776 3858 sub
795 3792 895 3857 titulo
912 3792 1004 3878 ignis
1019 3793 1125 3858 etiam
1141 3791 1337 3878 intelligere
1353 3790 1446 3878 quod

298 3918 539 3985 circumfertur
573 3918 614 3983 de
654 3918 786 4000 calore,
820 3917 1032 4005 principium
1073 3918 1166 3982 enim
1201 3916 1444 3983 calefactivum

302 4145 862 4156 --———---.-—..—-—-———-—-———o-
888 4145 923 4152 --.
945 4147 952 4151 .
967 4142 1434 4152 -—.—...-.—·-——-———

391 4292 422 4340 12
438 4285 541 4356 §malis
557 4289 586 4338 Μ
650 4290 680 4338 Ιῖ
697 4288 894 4353 persequenda
907 4288 939 4336 l!
1001 4288 1221 4356 nutrimentum]
1237 4286 1443 4338 abtrroicsione

298 4388 393 4422 occure
412 4373 572 4438 (materiam
584 4370 598 4418 2
612 4362 669 4434 Ml)
689 4369 719 4418 M
781 4369 859 4436 potis
877 4368 930 4437 cst]
948 4369 1019 4418 della
1036 4368 1135 4420 lesione
1157 4369 1251 4420 (latita
1269 4369 1352 4419 anche
1370 4369 1442 4420 Bar·

299 4453 379 4504 terren>
442 4454 472 4502 21
490 4451 643 4503 mediocria
656 4450 689 4499 M
694 4452 702 4485 1
718 4449 753 4516 (7)
