3488 5108
610 418 654 463 DE
673 419 778 463 unuln
800 418 1049 464 MATHEMATICA.

575 656 794 716 SECVNDVS
815 654 1076 716 TRACTATVS.

335 895 437 956 XXV.
455 897 630 956 Praeterea
641 914 718 972 quae
730 894 905 970 dictasunt,
921 893 1224 955 animadvertendum
1236 904 1285 956 est
1298 897 1399 956 omnia

254 1023 378 1064 numero
396 1003 526 1082 quodam
541 1012 632 1079 atque
646 984 787 1062 mensura
805 1011 987 1079 temporum,
1007 1001 1141 1060 locorum
1160 1008 1191 1062 et
1207 1021 1308 1062 rerum
1324 1018 1400 1064 trae·

252 1111 414 1170 tandarum
439 1131 507 1171 esse
535 1109 745 1171 examinanda.
771 1110 906 1187 Tempus
929 1109 1007 1168 enirn
1033 1115 1156 1185 praeest
1177 1111 1399 1188 temporalibus

209 1222 229 1283 5
252 1218 345 1278 rebus
363 1224 394 1278 et
409 1217 544 1278 eontinet
566 1238 632 1294 eas,
658 1216 913 1292 quemadmodum
940 1236 958 1274 a
984 1215 1194 1294 superioribus
1219 1218 1399 1295 corporibus

252 1323 398 1386 inferiora
415 1323 608 1385 eontinentur
619 1344 626 1399 ;
644 1343 703 1400 qua
721 1323 759 1382 de
777 1344 809 1382 re
826 1332 948 1401 tempus
965 1342 1034 1382 esse
1052 1323 1082 1382 in
1108 1321 1203 1401 primo
1230 1326 1315 1383 caelo
1337 1324 1399 1384 exi·

253 1431 456 1492 istimaverunt
472 1431 596 1509 antiqui.
615 1430 689 1491 Ideo
708 1430 1011 1490 animadvertendum
1027 1430 1226 1506 generaliter,
1251 1429 1333 1507 quod
1355 1433 1398 1491 ef·

252 1539 352 1598 feotus
369 1538 499 1598 ioviales
517 1540 574 1598 sub
590 1538 682 1614 Iove,
702 1535 876 1598 saturnales
897 1538 954 1598 sub
982 1536 1127 1614 Saturno,
1157 1537 1313 1598 martiales
1341 1539 1398 1598 sub

252 1646 368 1720 Marte,
387 1645 484 1722 iisque
501 1647 579 1706 bene
597 1645 757 1724 dispositis
779 1652 809 1704 et
831 1643 862 1702 in
886 1644 970 1704 eaelo
999 1643 1151 1703 faeliciter
1178 1634 1300 1704 situatis
1328 1654 1399 1705 sunt

190 1757 230 1820 10
251 1754 435 1830 inmutandi,
456 1755 521 1815 siue
538 1774 666 1830 quorum
688 1753 883 1813 observantia
907 1751 984 1812 nulli
1012 1752 1063 1811 alii
1089 1762 1268 1831 apparatus,
1297 1752 1398 1812 nullae

252 1880 357 1937 voees,
374 1861 448 1921 nulli
468 1862 568 1922 cultus
589 1862 745 1940 quippiam
766 1862 869 1922 valere
888 1871 1029 1939 possunt;
1049 1859 1176 1938 perinde
1194 1859 1275 1920 enim
1293 1860 1346 1919 fiet
1362 1880 1398 1919 ae

251 1967 277 2026 si
299 1968 349 2043 qui
370 1974 507 2046 tempore
528 1987 588 2027 non
611 1988 665 2028 suo
683 1976 820 2046 segetem
848 1975 1089 2046 s1.›argarrt,non
1115 1966 1397 2028 animadvertentes

251 2071 384 2134 diversis
401 2075 568 2135 seminibus
587 2073 711 2133 diversa
725 2083 865 2152 ternpore
881 2073 998 2150 deberi,
1015 2074 1095 2151 quod
1111 2075 1191 2134 siout
1207 2084 1255 2134 est
1271 2075 1302 2133 in
1319 2094 1395 2149 uno,

250 2179 293 2238 ita
311 2189 359 2240 est
379 2180 408 2238 in
430 2181 579 2242 omnibus.
602 2180 683 2252 Quid
704 2182 804 2240 enim?
821 2182 929 2241 Nonne
950 2181 1041 2240 etiarn
1062 2180 1230 2257 religiones
1250 2182 1397 2259 quasdam

187 2285 227 2356 15
250 2286 389 2347 videmus
404 2288 504 2347 cultus
521 2333 585 2348 .....
592 2308 626 2349 es
643 2299 734 2365 atque
752 2287 893 2348 diversos
915 2288 1006 2349 certis
1024 2295 1115 2365 atque
1134 2287 1268 2348 diversis
1282 2297 1398 2366 ternpo-

250 2392 335 2453 ribus
352 2394 526 2454 destinare?
538 2396 722 2474 Temporum
737 2395 817 2454 euim
832 2395 990 2472 multiplex
1006 2402 1054 2454 est
1068 2394 1243 2455 diversitas.
1261 2395 1395 2471 Quisque

251 2501 331 2560 enirn
348 2502 538 2578 planetarum
558 2502 651 2562 habet
669 2501 773 2562 secula
789 2523 859 2578 sua,
876 2521 973 2561 annos
990 2522 1077 2578 suos,
1096 2510 1216 2563 aetates
1240 2522 1325 2578 suas,
1349 2503 1397 2562 lu-

249 2609 391 2669 nationes
408 2619 439 2668 et
456 2609 523 2669 dies
541 2618 574 2669 et
591 2610 696 2683 horas3
717 2610 761 2669 ita
777 2617 813 2669 ut
829 2630 883 2687 pro
901 2611 994 2669 rebus
1024 2611 1182 2688 perpetuis
1208 2617 1240 2668 et
1266 2610 1393 2669 multum

249 2714 406 2775 duraturis
422 2715 554 2775 dominia
572 2736 750 2793 magnarum
767 2715 1004 2791 revolutionum,
1020 2736 1074 2793 pro
1090 2736 1149 2775 non
1165 2726 1227 2776 tam
1243 2715 1395 2777 diuturnis

182 2828 227 2889 ‘20
249 2818 383 2881 dominia
414 2823 579 2899 minorum,
607 2843 661 2901 pro
690 2824 789 2882 minus
809 2823 982 2883 illustribus
1010 2823 1143 2883 dominia
1169 2824 1394 2884 revolutionum

249 2928 377 3004 dierum,
398 2950 453 3008 pro
482 2930 659 3007 vulgaribus
687 2941 786 2990 autern
815 2940 847 2990 et
873 2931 911 2989 ad
940 2931 1142 3010 particulares
1160 2952 1309 3009 personas
1326 2934 1394 2992 atti·

248 3037 392 3096 nentibus
418 3036 561 3095 horarum
589 3037 723 3096 dominia
743 3045 813 3099 sunt
835 3038 1036 3111 advertenda,
1055 3059 1132 3116 quae
1155 3048 1203 3098 ter
1222 3039 1252 3098 iu
1275 3038 1324 3099 die
1346 3060 1397 3099 ua·

249 3143 340 3202 turali
359 3145 536 3221 contingere
554 3155 692 3222 possunt.
710 3146 757 3205 De
773 3146 821 3206 bis
839 3167 912 3206 vero
930 3146 1018 3206 nobis
1036 3146 1066 3204 in
1085 3147 1328 3224 praesentiarum
1347 3160 1396 3206 est

248 3250 389 3310 habenda
406 3251 497 3323 ratio,
516 3253 656 3328 quoniam
675 3253 817 3329 effeetus,
839 3254 891 3330 qui
912 3253 949 3312 ad
973 3253 1158 3313 mutationes
1180 3253 1295 3331 legum,
1314 3254 1396 3332 priu-

182 3362 225 3425 25
248 3358 400 3436 oipatuum
422 3369 572 3420 eteorum
591 3381 667 3436 quae
691 3381 708 3418 a
727 3361 922 3437 generalibus
938 3362 1038 3422 causis
1056 3361 1213 3438 eveniunt,
1232 3368 1346 3421 temere
1364 3370 1396 3422 et

247 3465 400 3527 ineassum
418 3488 435 3526 a
453 3467 541 3527 nobis
559 3468 793 3530 intentarentur.

596 3732 648 3791 De
680 3732 840 3792 dominio
873 3733 1051 3793 horarum.

329 3963 643 4024 Animadvertendum
662 3975 710 4025 est
726 3966 821 4042 igitur
842 3969 1008 4042 quamlibet
1032 3969 1110 4029 diem
1131 3981 1395 4048 quantumcunque

250 4071 396 4148 prolixam
421 4072 467 4130 vel
490 4072 629 4147 brevem,
650 4072 728 4131 sieut
749 4084 781 4132 et
801 4075 968 4150 quamlibet
990 4086 1110 4139 noctem
1131 4088 1396 4156 quantumcunque

342 4328 371 4376 15
390 4363 469 4376 ......
478 4334 517 4385 es]
535 4329 638 4391 paratu
661 4328 688 4377 r'n
709 4336 917 4392 parlatorretta
934 4331 1044 4392 l13aoa
1059 4349 1129 4394 pare
1147 4340 1242 4383 certos
1304 4335 1336 4384 27
1349 4336 1396 4397 qai

249 4407 346 4470 attinge
360 4407 389 4456 al
401 4409 548 4458 trottatello
564 4407 728 4473 arrepiproso
745 4410 809 4459 sulla
826 4427 886 4469 ore,
902 4412 993 4476 cleosa
1006 4411 1105 4478 repuilo
1119 4412 1148 4461 al
1161 4414 1394 4466 Pseudo-Albunea

249 4490 290 4541 De
305 4490 464 4540 virtutibus
477 4496 531 4540 ete.
