3488 5108
571 453 616 498 na
636 455 752 499 aaavu
775 430 951 501 raincu'ms
972 454 1044 500 arc.
1319 440 1377 500 535

320 610 366 675 Et
391 610 433 675 dc
456 617 550 676 terra
573 609 671 678 iuxta
694 613 865 681 rationem
884 634 952 697 qna
975 611 1205 698 distinguitur
1236 612 1279 677 ab
1299 611 1378 678 aliis

231 738 410 803 clementis
443 739 542 804 iuxta
575 738 789 826 praedictam
823 739 1018 805 doctrinam
1055 738 1144 804 nihil
1176 737 1282 805 habes
1311 760 1379 803 am·
1455 825 1462 838 ·

232 862 323 950 plius
347 862 439 949 quod
462 863 595 949 magice
628 863 841 947 cousideres3
868 863 980 930 omnis
1004 863 1096 930 enim
1121 863 1233 930 virtus
1263 862 1380 951 pulvo-

231 1009 320 1071 rum‚
342 988 496 1055 cinerum
514 988 558 1055 ad
579 988 766 1055 efficaciam
781 988 940 1076 spiritus,
960 988 1112 1073 humidi,
1131 988 1218 1055 lucis
1236 995 1270 1054 at
1286 988 1380 1075 ignis

187 1113 449 1188 binexistentis
479 1113 638 1180 refertur.
670 1114 804 1192 Quibus
840 1137 922 1181 vero
946 1114 1055 1182 atomi
1078 1119 1160 1180 sunt
1183 1113 1380 1180 substantia
1479 1202 1484 1211 .

193 1221 197 1225 .
231 1240 403 1323 omnium,
433 1248 472 1307 ut
501 1247 536 1307 et
564 1240 709 1328 spiritus
739 1241 813 1329 ipse
844 1248 878 1307 et
908 1241 968 1308 lux
992 1241 1068 1328 ipsa
1091 1247 1126 1306 et
1145 1239 1317 1327 quidlibet
1337 1261 1379 1304 ex

231 1366 390 1454 partibus
410 1367 632 1434 minimarum
651 1367 906 1434 dimensionum
926 1368 1074 1433 maxime
1092 1366 1136 1433 ab
1162 1365 1256 1432 omni
1276 1389 1377 1432 sensu

230 1500 441 1560 remotarum
460 1493 674 1577 consistunt,
695 1494 808 1561 omnis
825 1495 880 1560 vis
896 1494 941 1560 ad
958 1501 1090 1560 atomos
1120 1491 1277 1558 refertur.
1310 1490 1377 1556 Sed

230 1641 272 1685 ex
299 1619 365 1685 hoc
394 1618 568 1707 principio
601 1619 904 1707 progredientibus
934 1626 1052 1707 caput,
1085 1624 1125 1685 ut
1153 1618 1377 1701 dictumest,

167 1756 209 1820 10
231 1744 335 1810 nimis
359 1752 529 1811 remotum
558 1769 578 1811 a
603 1746 705 1832 praxi
735 1751 880 1811 naturae
908 1751 943 1809 at
971 1743 1056 1810 artis
1080 1743 1147 1810 sibi
1177 1747 1375 1820 assumunt3

231 1892 343 1956 neque
362 1870 398 1936 id
416 1878 544 1937 temere
563 1871 711 1954 faciunt,
733 1893 810 1937 cum
834 1894 952 1938 eorum
975 1868 1220 1957 contemplatio
1240 1864 1375 1932 nonsit

232 1994 391 2062 ordinata
411 1996 454 2061 ad
473 2019 572 2085 opuS,
592 1995 651 2063 sed
671 1995 708 2061 in
727 2019 762 2061 sc
782 1997 857 2084 ipsa
876 1996 1106 2082 conquiescat.

231 2301 314 2357 cunt;
330 2308 442 2343 omnem
456 2293 531 2342 enim
545 2291 709 2341 huiuamodi
726 2290 760 2355 (P)
777 2293 879 2340 merito
894 2289 928 2353 (ἲ)
944 2295 1037 2341 terrac
1055 2304 1118 2339 csse
1135 2287 1322 2341 concludunt.
1337 2289 1375 2337 Et

231 2374 366 2425 Plotinae
383 2372 453 2423 dicit
470 2371 500 2422 in
513 2373 614 2422 iisdem
629 2373 672 2422 vet
688 2376 794 2422 terram
810 2372 854 2421 vel
870 2377 963 2422 terrac
975 2369 1190 2437 proportionale
1204 2368 1325 2434 aliquid,
1342 2373 1376 2418 ut

231 2455 404 2505 densitatem
417 2453 496 2504 illam
510 2453 644 2503 habeant.
665 2453 744 2503 Haec
766 2453 801 2516 (ἲ)
815 2468 884 2504 vero
905 2466 1026 2518 corpora
1046 2486 1128 2501 ......
1149 2449 1234 2500 aliam
1256 2449 1373 2499 omnino

230 2535 423 2586 substantiam
445 2535 481 2584 ab
503 2533 567 2584 ictis
583 2534 617 2598 (ἲ)
636 2534 804 2599 corporibus
819 2540 849 2583 at
866 2533 1008 2584 clementa
1024 2547 1081 2583 non
1099 2532 1205 2582 habere
1221 2531 1292 2581 satia
1304 2528 1373 2581 alibi

187 2626 192 2634 '
231 2615 438 2666 convincimus.
453 2613 492 2665 Μ.
509 2614 550 2678 Os.
566 2616 636 2679 Opp.
651 2612 711 2665 ital.
723 2632 752 2680 p.
766 2615 821 2664 347
832 2630 886 2679 sqq.
903 2613 970 2679 Lac.

323 2696 339 2746 5
355 2695 499 2755 refertum]
515 2692 650 2746 refertur.
663 2696 713 2761 qui
725 2694 758 2745 Μ
762 2698 769 2731 ¹
