3488 5108
287 366 348 425 400
734 358 875 430 manum
895 384 996 429 namu

287 536 427 602 nomine
461 558 640 624 magorum
668 544 840 605 nostrates
874 561 944 605 non
975 538 1187 624 inscribunt,
1219 536 1313 626 apud
1347 558 1435 622 quos

285 683 349 748 pro
378 661 525 749 indigna
555 662 781 750 usurpatione
812 687 933 750 magus
963 663 1053 730 male
1081 670 1193 746 sonat,
1220 662 1280 728 sed
1305 661 1436 727 dicitur

286 808 356 851 non
375 787 504 872 magia,
524 787 584 854 sed
601 788 831 875 prophetia.
848 788 981 856 Ultimo
1001 789 1150 855 sumitur
1169 811 1292 876 magns
1311 798 1346 855 et
1364 810 1436 852 ma·

286 911 344 996 gia
356 913 453 977 iuxta
465 911 756 999 significationem
772 912 966 999 indignam,
981 919 1020 980 ut
1031 914 1123 979 inter
1135 914 1221 980 istas
1239 935 1310 979 non
1326 934 1436 978 annu·

241 1048 262 1110 5
285 1041 436 1102 meretur
458 1058 570 1122 neque
595 1034 820 1102 adnumerata
843 1038 1029 1121 habeatur,
1047 1044 1086 1104 ut
1106 1061 1229 1125 magus
1242 1038 1289 1103 sit
1306 1036 1434 1130 malefi-

286 1182 345 1225 cus
360 1167 537 1247 utcunque
556 1161 698 1243 stultus,
719 1161 780 1246 qui
800 1184 841 1226 ex
860 1163 1063 1228 commercio
1082 1185 1160 1229 cum
1184 1162 1434 1229 cacodaemone

285 1291 320 1350 et
337 1292 438 1372 pacto
456 1285 604 1370 quodam
622 1307 686 1372 pro
702 1286 869 1352 facultate
884 1287 929 1353 ad
944 1287 1149 1353 laedendum
1167 1287 1223 1353 vel
1242 1286 1433 1353 iuvandum

286 1416 338 1476 est
360 1410 583 1494 informatus;
614 1418 649 1477 et
680 1411 779 1478 iuxta
805 1413 894 1478 hanc
924 1413 1094 1478 rationem
1118 1419 1218 1479 sonat
1246 1434 1317 1478 000
1340 1411 1434 1498 apud

285 1535 459 1622 sapientes
477 1536 533 1602 vel
552 1536 644 1623 ipsos
669 1536 809 1622 quidem
831 1538 1089 1624 grammaticos,
1110 1537 1169 1602 sed
1189 1560 1210 1603 a
1225 1537 1433 1625 quibusdam

222 1668 263 1731 10
285 1666 473 1746 usurpatur
500 1682 627 1726 nomen
657 1661 766 1748 magi
799 1662 1120 1743 bardocucullis,
1146 1661 1259 1747 qualis
1281 1661 1351 1727 fuit
1374 1661 1435 1727 ille

286 1784 346 1871 qui
364 1784 448 1849 fecit
466 1785 594 1851 librum
613 1785 670 1850 De
702 1786 849 1851 malleo
879 1785 1180 1871 maleficarum,
1201 1795 1235 1851 et
1259 1786 1309 1851 ita
1332 1786 1435 1852 hodie
1458 1791 1579 1856 8rM

285 1917 472 1998 usurpatur
486 1910 529 1975 ab
546 1910 707 1976 omnibus
726 1911 828 1977 huius
844 1913 980 1998 generis
1000 1913 1242 1999 scriptoribus,
1263 1920 1303 1979 ut
1320 1912 1435 2000 legere

285 2037 367 2101 licet
391 2037 483 2122 apud
507 2036 684 2122 postillae,
709 2036 933 2102 catechismos
957 2037 1181 2123 ignorantum
1205 2044 1239 2103 et
1263 2037 1435 2103 somnian-

292 2163 380 2228 tium
399 2161 690 2249 presbyterorum.
777 2208 779 2212 ι

224 2288 263 2350 15
375 2286 509 2353 Nomen
528 2308 610 2372 ergo
629 2286 735 2372 magi
755 2286 892 2371 quando
912 2293 1108 2375 usurpatur,
1125 2293 1186 2353 aut
1205 2311 1283 2353 cum
1296 2287 1435 2354 distinc·
1459 2291 1550 2355 59²
1567 2290 1604 2355 G

287 2410 381 2477 tione
409 2417 461 2476 est
488 2411 693 2498 capiendum
713 2416 899 2498 antequam
927 2412 1126 2493 definiatur,
1150 2421 1212 2479 aut
1231 2413 1261 2478 si
1280 2413 1438 2479 absolute

289 2534 455 2618 sumitur,
474 2542 561 2601 tunc
578 2535 678 2600 iuxta
700 2543 923 2623 praeceptum
953 2537 1144 2622 logicorum
1174 2545 1209 2602 ot
1240 2537 1438 2625 specialiter

287 2660 487 2726 Aristotelis
507 2660 545 2725 in
563 2661 604 2726 V.
623 2661 869 2748 Topicorum
888 2683 950 2748 pro
969 2661 1150 2748 potissimo
1170 2670 1206 2727 et
1221 2661 1438 2729 nobilissimo

288 2784 487 2870 significatu
504 2792 555 2850 est
575 2785 790 2871 capiendum.
811 2785 843 2850 A
862 2786 1076 2873 philosophis
1106 2795 1145 2851 ut
1165 2787 1315 2853 sumitur
1344 2788 1437 2853 inter

220 2916 265 2979 20
286 2909 523 2996 philosophos,
559 2917 643 2975 tunc
678 2933 799 2996 aragus
830 2911 1006 2999 significat
1040 2912 1216 2977 hominem
1241 2912 1435 2998 sapientem

287 3057 365 3099 cum
384 3035 514 3100 virtute
533 3035 668 3121 agendi.
692 3035 770 3102 Stat
790 3044 906 3102 tamen
923 3037 1014 3121 quod
1034 3035 1240 3122 simpliciter
1257 3035 1432 3121 prolatum

286 3159 435 3225 sumitur
450 3182 511 3247 pro
532 3182 570 3226 00
595 3162 688 3246 quod
706 3161 880 3225 rennuuni
903 3183 986 3225 voce
1017 3161 1254 3248 significatur,
1284 3168 1317 3225 00
1347 3168 1433 3226 0000

286 3288 354 3352 alia
374 3288 565 3353 communis
584 3310 653 3353 vox
671 3302 722 3351 est·
741 3286 832 3372 apud
851 3309 960 3351 umuu
980 3296 1013 3352 et
1038 3288 1132 3352 aliud
1150 3288 1431 3373 presbyterorum

286 3436 407 3501 genus,
423 3413 482 3499 qui
496 3414 645 3478 multum
662 3411 951 3498 philosophantur
965 3413 1006 3477 de
1019 3414 1166 3499 quodam
1184 3414 1431 3480 cacodaemone

220 3549 263 3613 25
287 3538 347 3624 qui
366 3538 561 3625 appellatur
579 3537 761 3618 Diabolus,
782 3536 884 3603 aliter
906 3537 1005 3603 iuxta
1024 3561 1222 3604 communes
1241 3561 1352 3605 mores
1383 3538 1432 3604 di-

287 3685 465 3729 versarum
483 3663 641 3750 gentium
660 3669 694 3726 et
713 3662 939 3727 credulitatis.

375 3789 450 3854 Hac
483 3787 685 3874 praehabita
708 3787 932 3852 distinctione
954 3788 1164 3874 generaliter
1192 3789 1344 3875 magiam
1372 3789 1433 3854 tri·

286 3916 411 4001 plicam
444 3915 649 4001 accipimus:
685 3914 853 3997 divinam,
877 3915 1058 4000 physicam
1082 3922 1117 3980 et
1141 3916 1430 3982 mathematicam.

286 4039 397 4106 Primi
416 4047 450 4104 00
469 4039 610 4104 secundi
628 4039 764 4125 generis
784 4039 901 4125 magia
930 4047 982 4104 est
1012 4041 1204 4106 necessario
1236 4041 1278 4106 de
1306 4063 1432 4127 genere

293 4209 487 4220 ....-——-

377 4282 455 4332 8est
477 4282 626 4331 ordinatus
648 4281 821 4331 informatus
845 4283 867 4331 t'
929 4285 960 4334 10
977 4282 1190 4333 bardocucullis
1204 4280 1237 4341 (a
1256 4283 1273 4331 b
1294 4283 1349 4345 pub
1362 4298 1433 4332 eaeor

282 4377 364 4424 prem
372 4360 527 4427 sacilmeulc
536 4379 590 4427 per
604 4364 626 4426 t)
640 4361 671 4410 Μ
675 4379 680 4410 :
698 4361 905 4412 tardoououllis
923 4364 945 4413 O
1007 4365 1036 4413 ll
1054 4365 1165 4427 depost
1179 4363 1297 4413 cancella
1314 4379 1369 4413 aaa
1379 4380 1433 4427 pu-

285 4442 348 4491 rola
361 4442 390 4494 di
402 4444 440 4494 aei
454 4460 469 4493 o
481 4449 541 4495 setta
552 4443 640 4494 lettera
653 4441 686 4491 Μ
