3488 5108
305 404 364 465 606
744 416 884 466 rounam
903 418 1007 466 unvai

305 575 412 640 Porro
431 573 594 659 quoniam
613 572 656 639 ad
674 574 901 661 particularia
920 575 1102 642 descensus
1120 582 1220 665 petet
1230 599 1292 664 per
1311 577 1454 644 univer-

304 699 406 782 salia,
430 698 559 764 idcirco
582 698 624 764 de
649 705 796 785 quatuor
823 700 946 788 primis
968 701 1149 768 urinarum
1171 701 1379 768 differentiis
1403 700 1454 766 di-

305 823 451 889 cendum
465 830 530 907 est,
547 845 635 909 quae
650 823 688 890 in
705 830 853 910 quatuor
875 825 1034 893 domibus
1058 849 1117 893 seu
1134 826 1335 913 regionibus
1353 827 1454 894 inve-

305 948 460 1014 niuntur.

260 1069 280 1131 b
392 1072 558 1159 Proprius
582 1073 674 1139 color
695 1072 804 1160 ipsius
827 1074 860 1139 A
883 1081 935 1140 eet
962 1072 1200 1162 diaphanitas,
1223 1080 1264 1141 ut
1287 1083 1386 1164 patet
1413 1075 1452 1141 in

304 1206 382 1263 aere
400 1183 611 1284 illuminato,
638 1182 700 1284 'qui
730 1218 806 1265 cum
838 1200 913 1266 luce
939 1220 1002 1286 per
1029 1223 1065 1266 se
1092 1207 1230 1289 praeter
1253 1199 1452 1268 albedinem

303 1322 392 1388 nihil
411 1329 656 1411 repraesentat.

393 1474 626 1537 Advertendum
657 1474 832 1552 diaphanon
864 1495 922 1535 nou
952 1494 1021 1536 esse
1049 1476 1195 1552 colorem,
1224 1476 1279 1536 sed
1309 1480 1451 1553 corporis

302 1582 521 1643 translucidum
537 1583 696 1642 materiam
714 1580 807 1660 (idem
825 1582 905 1642 enirn
923 1592 971 1642 est
988 1581 1159 1661 diaphanon
1176 1591 1208 1642 et
1222 1584 1449 1663 transparens)‚

241 1693 280 1755 lO
303 1709 380 1766 quae
391 1709 465 1750 sane
475 1691 617 1750 convenit
631 1697 694 1748 tum
707 1706 802 1764 aquae
817 1695 882 1748 tum
895 1689 957 1748 aeri
972 1698 1037 1748 tum
1051 1690 1198 1768 crystallo
1213 1698 1277 1750 tum
1293 1691 1340 1750 his
1354 1693 1452 1750 omni·

302 1800 360 1857 bus
377 1798 555 1875 corporibus
572 1816 649 1872 quae
666 1796 829 1856 interiecta
845 1797 980 1875 speciem
998 1796 1079 1856 ultra
1099 1797 1232 1875 positam
1250 1816 1308 1857 non
1326 1797 1452 1859 interci-

303 1906 401 1983 piunt,
425 1905 583 1979 quominus
605 1924 623 1963 a
644 1903 712 1963 vien
733 1902 934 1981 percipiatur;
959 1923 978 1962 a
1005 1903 1106 1962 Lollio
1134 1914 1237 1965 umen
1258 1905 1449 1966 communius

304 2013 430 2089 capitur,
445 2022 478 2069 ut
490 2010 662 2088 diepbanon
677 2009 832 2087 significet
845 2010 972 2071 confuse
985 2020 1016 2070 et
1025 2009 1205 2070 indistincte
1216 2011 1326 2071 album.
1339 2011 1449 2088 Neque

303 2120 335 2178 id
353 2131 476 2196 temere,
494 2121 564 2194 quia
581 2119 660 2178 sicut
677 2117 787 2178 albedo
805 2126 854 2179 est
871 2118 1096 2197 receptaculum
1115 2118 1247 2179 omnium
1262 2119 1353 2178 aliam
1368 2120 1449 2180 colo·

239 2229 280 2293 lb
303 2247 384 2305 rum,
401 2226 445 2286 ita
462 2225 644 2303 diaphanon.
1231 2214 1233 2218 ’

392 2382 493 2450 Color
511 2382 621 2469 ipsius
635 2381 665 2447 Β
681 2389 733 2447 est
744 2383 818 2467 luit,
836 2387 870 2447 et
884 2381 974 2448 ratio
991 2387 1042 2447 est
1053 2381 1135 2467 quia
1155 2386 1161 2467 l
1180 2381 1256 2448 luce
1267 2381 1445 2449 illuminat
1471 2385 1569 2451 66*

256 2561 258 2564 .
303 2515 432 2590 aerem3
454 2506 546 2591 quod
564 2506 676 2572 faeere
694 2527 765 2571 non
783 2513 907 2593 posset,
924 2505 993 2572 nisi
1009 2512 1099 2572 esset
1116 2505 1148 2571 ei
1167 2506 1327 2593 proprius
1343 2508 1448 2575 color.

302 2632 406 2698 Color
432 2653 514 2697 vero
532 2639 585 2698 est
603 2630 762 2725 nigredo,
782 2638 821 2696 ut
836 2636 934 2718 patet
952 2631 989 2696 in
1006 2630 1146 2715 umbra,
1166 2639 1307 2719 propter
1327 2633 1449 2698 absen-

302 2756 388 2823 tiam
408 2757 500 2822 enim
518 2757 604 2823 lucis
624 2764 683 2823 a'e'r
701 2756 826 2844 recipit
849 2756 1009 2839 colorem,
1026 2776 1151 2843 nempe
1173 2764 1316 2844 propter
1342 2763 1449 2824 terre-

237 2892 281 2953 20
304 2883 426 2949 strium
446 2905 614 2970 vaporum
633 2883 875 2970 praesentiam.

395 3057 508 3115 Lucem
523 3054 660 3135 appellat
676 3055 809 3115 colorem
824 3055 906 3112 iuxta
922 3055 1157 3116 communiorem
1169 3056 1281 3115 eoloris
1296 3056 1450 3134 acceptio·

303 3188 386 3244 nem,
404 3174 438 3225 ut
459 3173 507 3225 est
527 3163 697 3224 subiectum
714 3163 915 3238 adaequatum
933 3163 1089 3241 potentiae
1110 3165 1239 3237 visivae,
1260 3165 1339 3224 sicut
1355 3185 1451 3242 sapor

304 3283 351 3335 est
368 3274 537 3334 subiectum
555 3271 755 3346 adaequatum
775 3278 893 3345 gustus.
916 3269 1058 3329 Colorem
1072 3270 1146 3331 item
1162 3270 1300 3349 appellat
1316 3271 1452 3347 nigredi-

303 3402 386 3457 nem3
404 3380 525 3442 visibile
543 3380 635 3456 enim,
652 3378 682 3437 in
696 3398 755 3454 quo
772 3398 833 3437 non
850 3378 923 3437 licet
943 3376 1058 3452 aliquid
1072 3379 1197 3439 umbrae
1211 3379 1375 3458 inspicere,
1397 3379 1450 3440 lux

237 3494 279 3556 Ξῖ)
303 3495 352 3547 est
368 3507 455 3565 pura,
473 3505 550 3562 quae
568 3505 628 3544 non
645 3485 741 3560 color,
760 3484 815 3545 sed
833 3485 967 3544 colorum
984 3485 1197 3545 indicatorium
1212 3488 1334 3566 proprie
1352 3495 1409 3548 est.

391 3662 492 3730 Color
515 3686 596 3729 vero
615 3662 646 3728 D
666 3670 717 3729 est
736 3662 872 3749 albedo,
890 3668 924 3729 et
940 3669 1039 3751 patet
1056 3687 1118 3750 per
1133 3663 1247 3731 lilium
1263 3672 1298 3731 et
1314 3665 1445 3751 nivem,

303 3790 367 3856 boc
386 3797 437 3855 est
455 3812 517 3877 per
535 3811 660 3875 aquarn
679 3788 915 3875 inspissatam,
930 3796 1127 3855 concretam
1143 3790 1179 3854 in
1200 3790 1391 3878 composito
1407 3792 1446 3856 in

304 3937 370 4002 quo
400 3914 616 3999 dominatur,
636 3913 788 4000 perfeeto
816 3914 870 3979 vel
900 3914 1112 4002 imperfecto.
1142 3915 1245 3981 Color
1273 3929 1389 3982 atatem
1409 3916 1448 3983 in

1225 4133 1448 4183 dlcltpcrlilluurox

396 4176 764 4245 8.15021.252'amar9.M
827 4182 856 4230 lo
874 4181 1001 4232 cristallo
1019 4181 1051 4231 Μ
1110 4184 1143 4232 28
1170 4175 1286 4234 deicitur
1318 4185 1448 4249 perfeeto

529 4274 569 4312 per
581 4264 657 4304 nivem
668 4265 723 4312 qula
734 4264 766 4303 lbl
779 4265 869 4303 videtur
881 4262 911 4303 ῑιῖι

294 4316 483 4379 latomenus!
518 4315 564 4366 vol
604 4314 771 4379 imperfecto
810 4331 872 4366 terra
896 4313 937 4364 M:
958 4315 1043 4365 Color
1061 4330 1128 4367 vero
1147 4318 1228 4367 Dest
1243 4319 1353 4384 albedo,
1369 4327 1448 4385 patet

303 4412 353 4464 per
367 4397 461 4446 lilium
478 4401 507 4446 et
519 4396 624 4446 nivem.
639 4394 723 4446 Color
737 4403 832 4445 autem
847 4396 875 4444 iu
892 4396 1058 4461 compositis
1072 4404 1117 4447 est
1132 4399 1271 4462 gradatus
1288 4401 1446 4452 secundum

303 4477 498 4539 gradationem
517 4477 702 4542 qualitatum,
717 4482 750 4524 ut
766 4481 847 4540 patet
860 4476 889 4525 in
904 4476 998 4539 figura
1013 4479 1169 4529 medicinae
1184 4479 1226 4543 (p.
1241 4481 1301 4541 607,
1313 4482 1340 4546 2)
1358 4486 1403 4533 etc.
1419 4482 1450 4533 X
