3488 5108
754 416 916 462 nsnrcma
937 416 1111 463 nveniam.
1447 401 1503 461 591

360 581 400 640 nt
427 573 565 640 ibidem.
593 573 636 638 In
664 572 766 637 domo
795 570 861 636 DG
888 571 920 635 D
946 570 1058 636 vincit
1082 570 1128 656 G,
1154 578 1193 637 ut
1217 571 1267 638 ibi
1297 571 1439 639 dictum.
1463 573 1505 638 In

360 699 460 766 domo
480 699 547 764 HD
568 705 620 764 est
639 696 844 785 aequalitem,
865 704 904 762 nt
922 695 1052 763 ibidem
1071 695 1281 764 dictumest.

448 912 537 973 Circa
552 910 726 974 istiusmodi
743 911 952 971 revolutiones
970 909 1275 972 animadvertendum
1296 919 1345 971 est
1361 911 1506 972 circulum

361 1023 507 1100 medinm,
526 1020 667 1098 quemvis
684 1040 702 1080 a
720 1018 822 1079 Lullio
840 1017 934 1078 fuerit
954 1019 1149 1097 designatum
1170 1019 1296 1097 mobile,
1312 1028 1345 1079 ut
1357 1021 1388 1080 in
1410 1040 1507 1081 exem-

317 1130 338 1194 5
360 1130 497 1210 pleribus
510 1129 693 1207 reperimus,
709 1135 812 1186 tamen
828 1124 994 1185 secundum
1011 1134 1112 1186 actum
1129 1133 1179 1186 est
1194 1127 1372 1201 immobilis;
1387 1137 1508 1189 maneat

359 1238 454 1315 igitur
472 1255 569 1316 parvo
584 1235 733 1295 duntaxat
750 1232 863 1294 circulo
881 1232 973 1309 (sicut
992 1233 1083 1294 etiam
1104 1233 1136 1294 in
1163 1235 1232 1314 ipsa
1259 1237 1345 1314 praxi
1374 1245 1422 1297 est
1439 1258 1507 1315 per·

360 1345 511 1425 spicuam)
529 1341 758 1403 circumvoluto.
777 1340 892 1400 Verum
907 1360 946 1401 ne
963 1340 1088 1401 dubium
1101 1341 1142 1402 sit
1156 1342 1322 1403 secundnm
1339 1363 1428 1419 quarn
1445 1344 1507 1405 dis·

360 1453 545 1533 positionem
565 1450 619 1527 figi
640 1449 765 1527 debeat,
784 1448 1009 1526 respiciendum
1027 1455 1075 1508 est
1091 1449 1130 1510 ad
1147 1458 1252 1529 pertea
1270 1451 1375 1511 circuli
1393 1451 1505 1530 diurni,

360 1579 438 1638 qnae
456 1559 536 1620 sicut
552 1557 583 1616 in
600 1555 811 1635 superioribus
828 1563 985 1615 ostensum
1007 1561 1067 1631 est,
1086 1555 1164 1616 eliae
1184 1555 1323 1617 referunt
1340 1565 1454 1635 aerem,
1472 1566 1507 1617 nt

297 1675 339 1737 10
362 1676 466 1747 partes
484 1665 567 1727 circa
582 1664 746 1740 orientem,
764 1682 841 1738 qnae
862 1669 933 1722 sunt
950 1662 1103 1737 vernalem
1122 1662 1200 1722 aliae
1217 1664 1334 1743 ignem,
1353 1673 1387 1725 nt
1404 1671 1509 1743 partes

363 1794 441 1851 qnae
458 1781 531 1835 sunt
549 1772 629 1832 circe
645 1769 819 1845 meridiem,
838 1787 915 1844 qnee
933 1777 1004 1829 sunt
1028 1770 1208 1844 aestivalem
1226 1771 1305 1831 eliae
1330 1780 1458 1850 terram,
1476 1780 1510 1832 ut

362 1888 467 1962 portes
485 1879 566 1940 circa
584 1877 794 1953 occidentem,
813 1873 1020 1950 autumnalem
1037 1874 1115 1934 cline
1134 1894 1254 1954 equem,
1265 1885 1300 1936 ut
1308 1885 1413 1955 partes
1430 1878 1511 1938 circe

361 1997 506 2069 punctum
523 1986 641 2047 mediae
659 1983 773 2061 noctis,
793 2003 870 2059 queo
887 1992 959 2045 sunt
976 1983 1133 2044 hiemales.
1150 1984 1259 2062 Itaque
1279 1984 1324 2046 sic
1345 1985 1508 2064 disponen-

363 2095 421 2156 dae
438 2103 509 2156 sunt
526 2103 630 2172 partes
656 2093 747 2152 istius
768 2090 894 2152 secundi
912 2090 1031 2166 circuli,
1052 2100 1086 2150 ut
1107 2091 1196 2168 signe
1212 2099 1314 2170 nerea,
1337 2101 1508 2168 quaesunt

287 2182 338 2275 ‘15
361 2202 402 2284 Ύ
417 2204 457 2284 {5
473 2204 526 2283 Π,
544 2208 737 2278 aeqnaparto
748 2199 812 2260 sint
828 2209 900 2260 ants
916 2206 1061 2277 punctum
1076 2197 1215 2278 orientis,
1234 2219 1417 2276 aequavero
1435 2208 1506 2280 post

362 2317 506 2389 punctum
521 2309 671 2387 eiusdem,
684 2309 764 2371 sicut
776 2316 975 2388 praeceptum
989 2315 1091 2371 atram
1105 2308 1343 2386 sanguinemque
1358 2309 1508 2371 dominari

361 2419 459 2478 tribus
476 2417 559 2478 horis
576 2425 648 2478 ente
666 2424 765 2477 ortum
781 2406 863 2497 ΘΜ,
875 2416 975 2478 tribus
986 2425 1057 2495 post
1071 2426 1179 2478 ortum.
1194 2416 1341 2479 Similiter
1355 2417 1393 2479 do
1407 2419 1506 2482 tribus

361 2527 458 2605 signis
475 2526 545 2587 aliis
560 2525 758 2602 sequentibus
775 2515 905 2587 eestivis
922 2534 972 2588 est
988 2525 1175 2600 faciendum,
1198 2536 1233 2587 ut
1260 2527 1350 2587 ΧΨ
1376 2536 1507 2606 punctus

360 2639 391 2711 Ω
408 2637 450 2695 sit
465 2634 535 2694 finis
552 2632 781 2709 designatarum
803 2633 894 2693 trium
915 2634 1057 2694 horarum
1075 2643 1145 2696 ante
1162 2633 1335 2714 meridiem,
1353 2644 1385 2695 st
1400 2635 1507 2698 XVIll

203 2821 205 2823 Ι
295 2745 339 2808 20
361 2742 475 2821 gradus
493 2742 534 2801 sit
551 2740 731 2820 principium
749 2740 840 2801 trium
857 2739 1043 2817 reliquarum
1059 2749 1132 2819 post
1159 2742 1318 2803 meridiem
1345 2762 1441 2819 nsque
1469 2743 1507 2802 ed

361 2850 452 2911 finem
476 2849 546 2952 m),
564 2847 715 2926 siquidem
741 2847 870 2925 singulis
898 2849 982 2909 horis
1004 2846 1155 2909 debentur
1185 2851 1223 2910 15
1249 2848 1365 2911 minute
1393 2857 1508 2928 tempo-

361 2959 413 3019 ris.
431 2959 480 3018 Ite
497 2965 602 3018 nostro
621 2956 728 3018 ordine
745 2957 974 3018 distribuendae
996 2967 1068 3017 sunt
1085 2966 1189 3036 partes
1211 2957 1289 3018 aliae
1315 2958 1507 3019 terrestrium

362 3075 394 3127 et
422 3067 600 3144 aquatilium
627 3066 784 3145 signorum
810 3066 1008 3127 referentium
1037 3066 1286 3128 constitutionem
1313 3069 1448 3127 autumni
1477 3075 1508 3127 et

361 3174 484 3250 hiemis;
502 3174 558 3235 sed
575 3172 651 3233 illud
668 3173 754 3234 iuxta
774 3183 911 3234 nostram
928 3173 1097 3234 doctrinam
1120 3183 1168 3234 est
1192 3173 1398 3252 retinendum,
1425 3174 1507 3251 quod
1534 3179 1614 3242 61v

296 3280 339 3344 25
363 3281 455 3342 hores
472 3282 551 3343 istae
567 3301 628 3341 non
645 3290 717 3342 sunt
734 3282 890 3359 aequales,
908 3282 963 3343 sod
982 3283 1102 3343 suntin
1119 3282 1233 3361 duplici
1250 3283 1446 3360 aequalitatis
1464 3302 1508 3344 or-

362 3389 445 3466 dine,
465 3389 515 3448 ubi
532 3386 678 3450 videlicet
695 3388 863 3466 aequaliter
888 3410 977 3451 ercns
1003 3389 1065 3451 diei
1087 3389 1204 3450 divisus
1226 3390 1320 3451 fuerit
1339 3390 1370 3451 in
1388 3393 1507 3469 seipso

363 3495 529 3556 secundum
556 3507 661 3576 pectes
688 3497 834 3574 minores,
863 3517 951 3557 arcus
975 3518 1049 3559 vero
1077 3498 1176 3558 noctis
1203 3499 1371 3574 esqueliter
1388 3518 1507 3575 quoquo

363 3603 481 3663 divisus
499 3602 666 3663 secundum
684 3612 788 3682 partes
804 3604 948 3680 maiores,
968 3612 1054 3664 extre
1068 3613 1189 3685 tempus
1208 3604 1438 3683 aequinoctiale,
1456 3606 1507 3665 nbi

361 3731 421 3771 nox
438 3711 519 3771 diem
536 3719 673 3790 superat,
693 3731 709 3771 e
730 3719 836 3772 contre
862 3731 936 3773 vero
959 3719 1046 3772 extre
1062 3719 1184 3790 tempus
1202 3712 1436 3790 aequinoctiale,
1456 3713 1507 3772 ubi

296 3822 340 3886 30
363 3818 429 3879 dies
445 3826 566 3879 noctem
582 3826 720 3897 superat,
739 3839 848 3898 nempe
866 3819 905 3880 ad
922 3821 1072 3898 tropicum
1087 3819 1129 3901 {d
1145 3829 1292 3897 vergente
1308 3821 1369 3901 ΘΟ.
1399 3821 1507 3897 Itaque

362 3947 422 3986 non
440 3946 529 3987 caeco
548 3936 579 3986 et
596 3927 709 4004 logico,
727 3926 783 3987 sed
798 3927 893 4003 clero,
913 3926 1048 3987 evidenti
1071 3935 1102 3986 et
1115 3928 1243 4005 physico
1262 3928 1368 3989 ordino
1386 3949 1509 4007 progre-

363 4032 521 4112 diendum,
541 4041 572 4095 et
588 4035 665 4095 hene
683 4043 779 4094 artem
797 4033 890 4094 Lullii
908 4054 1123 4113 promovemus
1137 4055 1197 4112 qno
1214 4035 1326 4112 tendit,
1342 4057 1360 4095 a
1374 4057 1433 4112 quo
1449 4056 1508 4096 non

363 4141 514 4202 modicum
531 4142 678 4202 hebemus
696 4150 727 4202 et
743 4141 1006 4218 recognoscimus,
1022 4141 1048 4201 si
1063 4143 1251 4203 universalia
1262 4143 1412 4221 principie
1425 4144 1508 4204 neoti

457 4393 743 4460 suscessorem
807 4393 1115 4445 9eeremulinentd1¹
1179 4396 1210 4446 19
1225 4395 1509 4460 dosiguuuuldo·

365 4476 544 4540 signatarum
558 4476 590 4526 l!
595 4479 602 4511 ¹
665 4476 695 4524 21
716 4474 763 4568 1η)
779 4474 816 4524 ric
830 4475 862 4524 M
869 4474 883 4524 l
