3488 5108
696 415 741 460 ns
760 413 876 459 ausvu
901 414 1078 459 ramcrrus
1099 413 1169 458 aro.
1447 402 1506 462 529

361 575 461 656 (quae
485 569 528 635 ad
552 577 684 635 atomos
710 593 769 636 seu
789 570 833 635 ad
852 569 985 636 aridam
1003 571 1229 653 reducuntur,
1249 593 1337 657 quae
1356 580 1438 638 sunt
1456 573 1508 638 in·

360 696 576 763 dissolubilia
594 697 707 784 prima
727 704 761 762 et
781 696 937 779 minima,
956 719 1018 784 per
1037 721 1073 763 se
1091 697 1283 782 incoibilia,
1300 722 1362 787 per
1381 722 1505 786 aquam

361 845 441 888 vero
469 823 505 889 in
536 845 641 888 unam
670 846 870 910 compagem
890 823 1144 906 convenientia)
1174 825 1210 890 in
1234 848 1348 892 rerum
1373 849 1507 915 compo·

360 949 485 1015 sitione
509 972 652 1036 parvam
682 950 807 1015 molem
836 949 1068 1032 constituunt,
1090 956 1129 1015 ut
1148 957 1244 1038 patet
1273 952 1334 1018 ubi
1364 975 1507 1040 procera

316 1076 337 1139 ἴ)
361 1074 463 1141 arbor
481 1098 540 1141 seu
559 1076 726 1141 immensa
746 1075 833 1141 silva
864 1097 926 1162 per
956 1075 1073 1160 ignem
1105 1077 1256 1143 resoluta
1281 1079 1320 1144 in
1343 1077 1507 1166 exiguum

361 1200 508 1265 cinerem
540 1199 725 1267 resolvitur
755 1199 1005 1284 subsidentem,
1041 1200 1208 1268 cadavera
1236 1201 1440 1269 animalium
1469 1204 1509 1270 in
1554 1182 1561 1198 ⁸

360 1326 523 1411 exiguum
542 1326 740 1412 pulverem;
761 1325 933 1411 reliquum
954 1325 1062 1409 enim,
1083 1325 1175 1411 quod
1194 1327 1345 1393 evolavit
1374 1327 1411 1393 in
1441 1329 1509 1416 spi·

360 1451 449 1517 ritus
469 1460 503 1516 at
522 1451 660 1537 vaporis
680 1450 845 1537 speciem,
862 1472 953 1536 aqua
972 1456 1032 1516 est.
1054 1449 1154 1519 Unde
1173 1456 1282 1517 totam
1303 1453 1507 1540 composito·

360 1599 436 1642 rum
457 1575 687 1641 substantiam
704 1573 856 1665 (aquam)
872 1574 1070 1642 iudicarunt
1088 1577 1232 1663 plurimi
1251 1577 1432 1664 sapientes.
1452 1578 1507 1644 Ita

296 1715 338 1778 10
361 1701 389 1767 si
424 1708 537 1767 terrae
574 1701 698 1786 globus
729 1700 910 1766 universus
951 1701 1033 1786 igne
1074 1701 1324 1785 absumeretur,
1356 1710 1395 1768 ut
1426 1703 1507 1790 igne

360 1830 608 1897 absumendum
626 1829 782 1917 plerique
800 1830 1015 1896 arbitrantur
1039 1829 1143 1916 (quod
1162 1829 1266 1895 etiam
1283 1852 1345 1896 nos
1364 1830 1507 1898 minime

360 1955 574 2043 impossibile
604 1955 821 2037 iudicamus),
857 1953 1037 2037 nimirum,
1074 1953 1165 2041 quod
1196 1960 1276 2041 post
1303 1954 1507 2023 combustio·

360 2104 439 2148 nem
460 2081 653 2147 subsideret
672 2080 821 2159 aridum,
840 2079 983 2164 siecum,
1001 2078 1254 2164 indissolubile,
1271 2079 1443 2164 ultimum,
1462 2080 1506 2145 le-

360 2208 540 2273 vissimum
557 2206 682 2289 (omnis
701 2207 793 2270 enim
812 2205 967 2291 gravitas
987 2211 1039 2270 est
1062 2228 1082 2270 a
1105 2204 1331 2293 spissitudine
1354 2205 1506 2292 partium

297 2340 337 2402 15
360 2334 547 2399 multarum
568 2331 766 2397 coeuntium
786 2338 820 2396 et
840 2331 1154 2417 agglutinatarum,
1175 2353 1262 2416 quae
1279 2353 1348 2395 nou
1365 2331 1507 2396 estsine

361 2481 452 2544 aqua
472 2464 532 2522 aut
550 2464 688 2544 praeter
707 2462 859 2541 aquam),
881 2462 969 2521 esset
988 2455 1074 2520 mire
1093 2453 1281 2540 modicum,
1296 2455 1399 2540 idque
1417 2455 1506 2522 atris

360 2584 550 2671 spiratione
570 2581 761 2668 quamlibet
780 2581 905 2667 exigua
930 2578 1067 2646 facilius
1080 2579 1117 2645 in
1130 2588 1251 2647 ventos
1271 2587 1505 2668 spargeretur,

360 2731 463 2795 quam
490 2708 607 2795 spargi
634 2707 811 2772 videamus
831 2729 870 2771 ea
890 2706 1092 2793 corpuscula
1112 2728 1199 2791 quae
1218 2706 1262 2772 ad
1291 2704 1372 2773 solis
1392 2706 1506 2773 radios

359 2859 421 2922 per
439 2836 608 2899 fenestras
628 2833 782 2898 immissa
802 2840 883 2898 sunt
902 2832 1097 2920 conspicua.

292 2972 337 3034 ‘20
450 2958 665 3046 Principium
677 2980 774 3044 erg0,
792 2957 941 3023 medium
958 2965 993 3022 et
1008 2957 1150 3023 effectus
1165 2958 1277 3023 omnis
1290 2957 1506 3023 differentiae

360 3092 395 3150 et
413 3085 549 3149 numeri
570 3084 606 3148 in
626 3084 728 3148 rebus
755 3083 954 3169 compositis
974 3089 1026 3148 est
1045 3105 1146 3169 aqua,
1168 3082 1266 3149 iuxta
1285 3082 1399 3148 varias
1419 3104 1507 3148 com-

359 3209 530 3297 plexionis
550 3208 679 3296 species
699 3216 804 3294 atque
824 3229 993 3273 numeros.
1023 3208 1079 3273 Ad
1110 3208 1194 3273 istas
1224 3230 1307 3273 sane
1338 3207 1507 3295 respicere

360 3344 495 3422 oportet
512 3358 607 3416 eum,
626 3335 685 3420 qui
703 3342 848 3399 naturae
867 3342 999 3400 secreta
1016 3340 1050 3399 et
1064 3333 1230 3399 interiora
1250 3333 1347 3419 cupit
1366 3332 1506 3398 investi·
1584 3356 1589 3365 ¹

360 3485 458 3547 garo,
479 3460 609 3525 imitari
629 3466 663 3524 et
683 3459 720 3523 in
740 3470 855 3525 actum
877 3459 1081 3545 producere;
1110 3482 1171 3545 per
1202 3457 1291 3524 hano
1319 3458 1410 3524 eriim
1431 3468 1505 3524 trun

293 3596 336 3658 ‘25
361 3609 504 3673 corpora
538 3586 737 3673 corporibus
769 3584 1047 3671 agglutinantur,
1076 3584 1260 3667 uniuntur,
1289 3583 1505 3667 vinciuntur,

362 3719 435 3778 tum
463 3712 567 3777 etiam
599 3712 742 3799 spiritus
772 3710 953 3796 spiritibus
984 3716 1019 3774 et
1038 3710 1181 3796 spiritus
1201 3709 1413 3796 corporibus,
1435 3710 1507 3775 aui·

361 3860 484 3923 meque
514 3839 589 3924 ipsa
616 3837 755 3903 tandem
775 3836 839 3901 hoc
858 3835 1030 3923 principio
1050 3834 1308 3922 agglutinativo
1332 3834 1504 3919 aedificat,

361 3964 576 4030 confabricat
607 3962 673 4027 sibi
696 3971 799 4047 atqua
823 3962 951 4026 format
974 3961 1105 4048 paucis,
1131 3968 1170 4026 ut
1194 3960 1416 4042 dictumest,
1437 3964 1507 4025 ato·

362 4089 427 4156 mis
447 4099 517 4155 tam
547 4088 705 4153 mirabile
729 4086 954 4153 architectum
981 4093 1015 4151 et
1041 4108 1211 4152 carcerom
1236 4107 1418 4167 arcanum;
1442 4106 1505 4171 per

1038 4362 1062 4400 ln

456 4422 466 4469 l
486 4434 559 4485 quaa
574 4435 589 4464 a
605 4435 620 4463 s
636 4433 652 4462 s
667 4414 702 4464 ad
716 4419 827 4464 atomos
841 4412 874 4462 M
880 4415 886 4447 ¹
950 4410 998 4462 3.4
1015 4430 1031 4459 a
1047 4429 1062 4458 s
1078 4428 1094 4458 a
1109 4427 1204 4462 rarum
1224 4411 1446 4476 compositione,
1465 4425 1506 4459 ra-

363 4502 441 4567 liqua
455 4519 470 4546 s·
486 4517 501 4546 a
517 4515 532 4544 s
548 4514 563 4543 a
580 4511 695 4562 parvam
709 4494 742 4543 d!
747 4502 753 4530 ¹
820 4494 837 4544 9
853 4508 956 4560 aquam
970 4510 1019 4544 ona.
1034 4491 1066 4542 Μ
1128 4494 1159 4542 12
1176 4510 1192 4558 q
1207 4491 1242 4556 (1)
1256 4489 1391 4542 nimirum
1405 4490 1438 4540 M

499 4593 575 4634 llrutrll
592 4592 645 4639 Opp.
660 4590 700 4629 lut.
716 4590 757 4628 lll.
1322 4585 1347 4625 tl
