3488 5108
660 416 785 462 'I'HESES
807 417 851 462 DE
870 416 987 463 nasu.

774 637 864 702 LVI.

335 843 462 909 Omnes
486 845 628 910 affectus
656 851 690 909 et
719 843 859 909 vincula
885 843 1077 909 voluntatis
1104 842 1318 908 reducuntur
1343 841 1388 907 ed

245 969 312 1034 duo
331 977 366 1034 et
385 969 541 1035 referunt
559 970 647 1056 ipsa,
664 992 788 1055 nempe
803 967 848 1034 ad
863 968 1071 1034 irascibilem
1087 976 1122 1033 et
1141 967 1389 1055 concupiscibi-

244 1093 325 1178 lem,
342 1097 407 1159 sen'
417 1093 533 1160 odium
547 1099 582 1159 et
598 1116 765 1176 amorem;
777 1093 894 1160 odium
910 1093 1051 1159 tandem
1064 1091 1108 1159 ad
1120 1115 1272 1159 umorem
1287 1093 1388 1158 redu·

200 1218 221 1281 5
245 1218 351 1301 oitur;
370 1218 488 1304 itaque
506 1220 686 1285 vinculum
705 1242 812 1285 unum
830 1218 1021 1284 voluntatis
1040 1226 1093 1283 est
1111 1240 1216 1284 amor.

335 1413 502 1488 Probatur,
518 1412 590 1488 quia
607 1431 712 1473 omues
723 1411 800 1473 alios
811 1412 949 1489 affectus,
965 1432 1042 1488 quos
1059 1412 1210 1490 quispiam
1225 1413 1324 1489 possit
1335 1410 1390 1472 ad-

243 1518 354 1580 duoere
371 1527 402 1579 et
430 1518 588 1596 effingere,
606 1519 682 1579 nihil
707 1519 790 1579 aliud
807 1527 880 1579 sunt
902 1519 1086 1595 formaliter,
1113 1517 1388 1579 fundamentaliter

245 1633 277 1685 et
294 1626 482 1703 originaliter
498 1636 712 1705 praeterquam
728 1647 829 1701 am0r;
856 1626 971 1687 invidia
988 1627 1067 1686 enim
1090 1646 1174 1686 amor
1198 1626 1323 1702 quidam
1339 1625 1388 1686 sui

244 1742 304 1809 est,
323 1753 381 1809 quo
408 1733 565 1794 meliorem
589 1733 639 1794 vel
666 1753 770 1811 parem
797 1754 858 1793 uon
886 1733 1015 1812 patitur;
1044 1733 1186 1794 similiter
1214 1733 1390 1794 aemulatio.

179 1832 222 1896 lO
244 1838 419 1918 Indignatio
441 1849 489 1901 est
506 1861 591 1900 amor
618 1839 756 1917 virtutis,
776 1859 835 1915 quo
863 1859 955 1917 aegre
974 1840 1038 1900 fert
1064 1840 1217 1919 quispiam
1244 1839 1390 1916 indiguos

243 1946 321 2007 bene
343 1946 470 2024 habere,
493 1946 604 2025 dignos
622 1967 695 2008 vero
714 1947 838 2008 minime
849 1968 857 2024 ;
878 1947 1078 2024 verecundia,
1097 1947 1189 2007 timor
1209 1946 1285 2006 uihil
1307 1946 1390 2006 aliud

243 2062 315 2114 sunt
339 2063 551 2133 praeterquam
575 2076 659 2116 amor
684 2054 856 2116 honestatis
878 2063 910 2116 et
930 2054 997 2114 eius
1012 2062 1139 2134 propter
1155 2052 1237 2130 quod
1255 2053 1389 2114 timetur.

243 2159 391 2222 Similiter
411 2163 449 2222 de
470 2163 539 2223 aliis
561 2164 700 2224 omnibus
717 2162 890 2224 affectibus.
919 2162 1031 2224 Odium
1052 2163 1176 2224 tandem
1197 2163 1286 2223 uuius
1314 2161 1391 2222 nihil

243 2269 326 2328 aliud
340 2278 389 2330 est
404 2279 616 2348 praeterquam
634 2291 719 2333 amor
736 2273 880 2334 contrarii
890 2274 942 2334 vel
954 2273 1097 2352 oppositi.
1114 2272 1167 2332 Ira
1184 2273 1279 2348 igitur
1296 2270 1390 2331 etiam

178 2373 219 2437 15
242 2377 368 2437 tandem
382 2398 467 2438 amor
480 2379 603 2454 quidam
623 2390 679 2440 est.
698 2380 780 2441 Satis
795 2402 869 2458 ergo
884 2380 995 2442 feeerit
1011 2383 1062 2459 qui
1080 2401 1146 2442 eam
1167 2388 1276 2439 neotus
1297 2378 1391 2440 fuerit

243 2483 469 2561 philosophiam
484 2504 538 2545 seu
552 2487 695 2563 magiam,
710 2507 787 2563 qnae
805 2487 957 2547 vinculum
971 2507 1134 2563 summum,
1148 2485 1345 2565 praecipuum
1361 2493 1393 2544 et

243 2589 506 2666 generalissimum
533 2595 645 2653 amoris
671 2595 749 2655 sciat
776 2601 978 2671 contrectare,
1002 2594 1083 2654 uude
1103 2592 1238 2653 fortasse
1259 2612 1346 2652 amor
1372 2612 1392 2652 a

245 2697 415 2757 Platonicis
441 2698 594 2759 daemon
621 2721 771 2777 magnus
799 2708 847 2762 est
867 2702 1052 2780 appellatus.

751 2997 888 3063 FINIS.

251 3261 478 3270 —-.———-..-
492 3263 498 3267 .

338 3369 532 3418 2voluutatis
552 3367 679 3431 oppinum
698 3366 728 3416 ia
747 3382 833 3431 marp.
856 3366 887 3416 Μ
948 3366 997 3417 2.ss
1017 3368 1053 3417 ad
1073 3368 1102 3417 2⁰
1124 3372 1154 3416 st
1175 3367 1306 3418 referunt
1328 3365 1391 3432 ipsa

248 3448 403 3512 (cancellato
418 3462 468 3497 seu
483 3484 504 3497 ..
520 3446 547 3496 iu
562 3448 684 3510 virtute)
701 3462 801 3513 nempe
814 3447 859 3497 M:
874 3447 910 3497 ad
920 3447 956 3510 2⁰,
973 3447 1092 3513 ipsaque
1108 3447 1241 3498 referunt
1255 3462 1354 3513 nempe
1370 3445 1393 3497 0

247 3529 296 3579 el.
315 3528 377 3592 alii,
396 3543 439 3576 mo
456 3529 490 3591 of.
509 3527 547 3576 oei
563 3542 597 3578 es.
615 3527 657 3576 Do
675 3527 756 3593 lamp.
777 3527 894 3580 t'ombia.
916 3545 944 3592 p.
963 3528 1030 3586 280,
1042 3529 1077 3576 22
1093 3542 1130 3591 aq.
1199 3527 1229 3578 18
1246 3524 1356 3578 innomi
1372 3543 1390 3574 a

247 3608 386 3658 Similiter
402 3607 521 3657 concello
534 3608 638 3659 Odium
656 3608 687 3658 M
750 3610 780 3660 14
797 3610 883 3661 etiam
898 3609 987 3661 onai]
