3488 5108
292 396 349 454 142
728 405 867 452 rosolus
889 401 988 451 snvru

379 563 481 629 XHI.
503 563 568 628 Est
587 561 761 646 discreti0,
782 567 902 649 utpote
925 560 1073 627 facultas
1096 558 1315 647 distinguens
1338 557 1431 625 inter

291 689 457 773 diversas,
478 688 675 756 differentes
694 695 730 754 et
749 687 940 755 contrarias
958 687 1097 775 species.

379 818 476 886 XIV.
496 819 560 885 Est
579 817 735 904 ecstasis,
755 824 876 906 utpote
894 815 1042 883 facultas
1062 815 1106 882 ad
1125 813 1395 882 abstrahendum
1411 836 1431 879 a

292 943 448 1012 sensibus
465 967 486 1011 s
503 943 758 1033 praesentibus,
777 948 812 1009 et
829 943 994 1031 appulsus
1013 940 1057 1007 ad
1076 940 1253 1029 superiora
1271 946 1306 1006 et
1326 938 1435 1004 conti-

247 1074 269 1140 5
292 1071 412 1138 noetio
428 1070 596 1157 quaedam
614 1069 760 1136 rationis
777 1069 951 1135 humanae
966 1091 1044 1135 cum
1062 1066 1297 1154 intelligentia
1313 1064 1433 1130 divina

291 1219 351 1264 seu
369 1195 583 1278 daemonica,
604 1195 677 1261 sive
696 1195 787 1261 bona
806 1194 879 1261 sive
897 1194 988 1260 mala
1007 1193 1067 1259 illa
1086 1193 1141 1259 sit.

380 1323 459 1389 XV.
479 1322 758 1405 Enthusiasmus‚
780 1343 882 1407 quem
899 1319 1093 1409 prophetis,
1110 1319 1250 1387 vatibus
1266 1318 1435 1406 poetisve,

293 1449 354 1537 qui
371 1471 451 1516 vere
470 1454 592 1536 poetae
611 1456 694 1515 sunt
712 1455 817 1533 atque
834 1453 947 1530 vates,
965 1446 1137 1512 tribuunt.

381 1573 478 1640 XVI.
503 1574 568 1640 Est
585 1572 765 1640 irradiatio
784 1572 953 1659 quaedam
972 1572 1028 1638 vel
1046 1570 1163 1658 fulgor
1181 1570 1237 1638 vel
1257 1570 1350 1637 calor
1370 1570 1437 1658 spi-

230 1709 272 1773 10
293 1700 458 1784 rituosus,
477 1701 658 1791 impellens
678 1708 713 1768 et
731 1700 913 1786 exagitans
932 1699 1112 1785 ingenium
1131 1698 1175 1764 ad
1193 1721 1297 1785 supra
1316 1699 1437 1787 vulga·

294 1848 348 1892 res
378 1826 604 1914 operationes.
632 1827 700 1892 Hic
729 1826 768 1892 in
796 1825 1024 1917 sapientibus,
1054 1825 1114 1912 qui
1142 1847 1212 1891 non
1236 1830 1376 1891 tantum
1395 1848 1438 1890 ex

296 1951 400 2036 done,
420 1961 591 2040 quantum
610 1952 715 2019 etiam
734 1975 776 2018 ex
794 1951 967 2018 industria
985 1951 1134 2038 quadam
1162 1957 1196 2017 et
1214 1950 1329 2017 studio
1348 1951 1438 2016 fiunt

295 2084 417 2165 poetae
436 2086 471 2144 et
488 2069 705 2167 philosophi,¹
723 2078 879 2166 sequitur
906 2085 985 2165 post
1004 2076 1166 2160 ecstasin,
1191 2076 1281 2143 sicut
1305 2077 1343 2143 in
1361 2077 1438 2142 Pla·

295 2210 377 2271 tone
391 2209 426 2269 et
442 2202 592 2288 Socrate,
613 2205 674 2291 qui
689 2227 750 2291 per
761 2204 889 2271 multas
900 2203 1002 2271 horas
1021 2202 1090 2268 diei
1105 2209 1203 2268 extra
1222 2223 1341 2269 sensus
1359 2191 1438 2267 subss

231 2334 273 2398 lb
295 2330 359 2396 lati
378 2330 416 2395 in
434 2328 507 2397 vim
529 2329 778 2397 intellectivam
797 2352 937 2417 prorsus
955 2329 1213 2396 incumbebant.
1232 2326 1299 2393 Sed
1323 2349 1366 2392 ex
1383 2326 1438 2393 his

298 2463 427 2542 quanto
442 2454 480 2520 hi
498 2456 656 2523 meliores
674 2456 886 2545 philosophi,
907 2463 1005 2523 tanto
1024 2456 1061 2521 hi
1079 2455 1236 2522 meliores
1257 2466 1363 2522 vates.

386 2580 501 2647 XVII.
526 2580 690 2667 Sequitur
708 2583 858 2670 suspicio
878 2605 937 2649 seu
961 2582 1161 2669 suspicatio,
1183 2604 1271 2668 quae
1298 2589 1350 2647 est
1380 2603 1440 2669 po·

297 2706 423 2792 tentia,
445 2728 511 2792 qua
530 2706 655 2793 aliquis
673 2708 788 2775 minus
807 2708 875 2774 sibi
894 2707 1034 2774 credens
1050 2730 1185 2795 semper
1201 2706 1242 2773 de
1261 2707 1439 2796 proposito

298 2835 404 2900 etiam
422 2833 501 2899 aliis
521 2833 699 2901 evidenter
726 2834 879 2918 dubitat;
910 2835 1000 2901 unde
1030 2843 1123 2901 secta
1153 2834 1439 2900 Academicorum

232 2959 276 3023 20
299 2958 341 3024 de
358 2958 454 3025 nulla
473 2982 510 3025 re
530 2959 696 3043 decernit,
724 2959 783 3025 sed
810 2959 852 3025 de
876 2959 1035 3027 omnibus
1059 2960 1196 3046 digerit.
1216 2961 1262 3025 Et
1280 2960 1365 3025 haec
1382 2982 1441 3047 po-

300 3084 411 3150 tentia
426 3084 464 3150 in
481 3085 688 3172 quibusdam
702 3084 788 3152 facit
801 3085 982 3172 redditque
998 3085 1204 3173 dispositum
1220 3085 1264 3151 ad
1282 3085 1439 3151 veritatis

299 3210 532 3299 adeptionem3
551 3212 589 3277 in
614 3211 820 3298 quibusdam
843 3212 935 3277 enim
955 3234 996 3277 ex
1026 3211 1124 3279 falsis
1151 3211 1440 3300 praesuppositis,

299 3345 467 3424 tanquam
478 3361 541 3426 per
552 3363 587 3405 se
598 3339 702 3423 notis,
716 3338 893 3422 concessis,
906 3338 1071 3426 probatis,
1084 3338 1302 3405 concluditur
1315 3339 1382 3404 iter
1398 3337 1442 3403 ad

301 3465 519 3553 sapientiam.
533 3467 576 3532 In
592 3465 707 3533 dubiis
723 3473 840 3532 autem
856 3466 1029 3548 omnibus,
1046 3488 1134 3551 quae
1153 3467 1191 3532 in
1206 3465 1440 3532 controversia

234 3595 277 3659 25
300 3600 495 3677 versantur,
526 3595 729 3680 praesertim
759 3593 851 3680 apud
885 3601 920 3658 et
954 3593 1046 3658 inter
1081 3593 1252 3679 sapientes
1289 3600 1444 3680 praestat

300 3723 381 3790 huic
396 3723 572 3812 potentiae
587 3722 705 3806 inniti;
725 3721 807 3787 hinc
823 3722 916 3787 enim
931 3720 1142 3808 refugientes
1158 3729 1193 3788 et
1209 3723 1331 3789 semoti
1349 3723 1444 3789 inha-

303 3849 389 3916 biles
408 3857 489 3915 sunt
508 3850 643 3936 utplus
663 3871 766 3935 quam
785 3848 977 3934 vulgariter
997 3849 1146 3935 sapiant.

447 4130 458 4157 8

396 4169 412 4219 B
429 4167 532 4220 ectasis
545 4167 569 4216 A
632 4169 648 4216 4
658 4168 738 4231 forse
751 4167 895 4236 [sensibus
906 4173 944 4232 a],
960 4183 1064 4231 oppurc
1081 4168 1214 4219 sensibus
1232 4173 1266 4231 [a]
1284 4167 1445 4219 intendendo

305 4249 437 4299 sensibus
451 4265 518 4299 corne
532 4245 643 4298 dativo?
698 4247 1011 4299 9ometteilaumeroM
1064 4249 1094 4298 13
1110 4249 1218 4299 ectasin
1232 4249 1254 4298 A
1312 4250 1445 4301 19l.cvi·

306 4330 390 4380 dente
439 4328 552 4395 septaA
599 4331 632 4380 20
641 4328 793 4392 digerite:
806 4330 927 4393 ambigit
936 4329 1045 4379 coitrado
1056 4329 1085 4378 Μ
1094 4347 1099 4379 :
1111 4329 1315 4395 omeple'oadcs.
1326 4332 1368 4389 (in
1380 4347 1444 4382 con·

307 4412 410 4461 trarias
423 4416 533 4477 partos)
546 4411 683 4461 disserit?
695 4427 791 4461 osvero
805 4411 969 4471 (iudicium)
981 4411 1098 4462 differt?
1109 4412 1144 4476 cf.
1151 4429 1181 4476 p.
1193 4414 1243 4462 147
1250 4449 1257 4471 ,
1273 4418 1289 4462 ο·
1352 4413 1384 4462 23
1401 4429 1445 4463 oc·

307 4493 434 4543 cluditur
446 4493 476 4542 M
486 4508 492 4540 ε
502 4492 581 4555 sorae
595 4493 790 4557 praecluditur
852 4494 909 4543 iter
922 4492 964 4542 M:
979 4492 1021 4542 ita
1036 4493 1190 4560 (sorrow)
1204 4492 1227 4542 A
