3488 5108
62 498 82 661 ...ὲκ-ὀξὺ.
61 436 77 457 Γ
69 404 77 419 --
70 358 81 387 -.
69 330 76 341 -

75 1568 79 1579 -
75 1550 80 1559 ·
63 1470 68 1495 ⁷*
78 1454 81 1459 -
65 1406 81 1417 T
63 1016 85 1393 ffiz-„Lf-a-u'z‘zahass--oe
62 926 84 1009 Τι’-κ.-ζ
63 832 83 915 ·-'-d.=“’-=·.
74 798 83 821 2-
73 710 83 769 -.ι-...
71 670 82 691 ιιι

500 359 561 419 638

581 531 704 594 Vincite
721 534 808 594 novit
824 534 874 610 qui
896 534 1032 595 universi
1052 535 1201 596 rationem
1222 535 1317 597 habet
1338 545 1370 597 st
1389 549 1534 600 naturam
1558 537 1666 618 parti·

501 640 613 701 calaris
630 647 662 701 et
679 640 873 717 particularis
891 642 896 719 l
915 641 1145 720 dispositiones,
1165 642 1289 702 habitus
1307 651 1338 705 et
1353 643 1604 706 inclinationem.

714 837 820 905 Quent’
835 837 857 892 il
872 829 980 893 mondo
996 837 1074 894 seuz'
1090 837 1157 894 odio
1173 845 1204 895 et
1219 840 1309 894 s‘anza
1324 845 1429 898 morte.

581 1031 620 1092 Id
637 1031 718 1110 quod
739 1032 880 1093 absolute
900 1031 1061 1111 pulchrum
1083 1038 1115 1091 et
1136 1032 1248 1091 bonnm
1269 1045 1301 1092 et
1322 1031 1462 1093 absolute
1479 1031 1583 1093 vincit
1606 1041 1664 1092 est

456 1140 477 1204 5
501 1139 689 1220 universum,
712 1146 744 1199 et
766 1139 825 1199 hoc
850 1139 920 1200 ideo
948 1139 992 1199 nil
1010 1138 1015 1218 Ι
1033 1138 1137 1218 perdit
1164 1138 1265 1199 omnia
1285 1139 1452 1201 continens.
1480 1139 1526 1200 Et
1548 1137 1663 1199 omnia

501 1267 570 1308 esse
588 1246 778 1322 desiderant,
797 1259 829 1308 et
849 1267 910 1307 uon
932 1256 981 1308 est
1001 1246 1083 1324 quod
1103 1245 1245 1307 fastidiat
1266 1265 1335 1307 asse
1356 1246 1388 1307 in
1405 1246 1577 1308 universali
1597 1246 1605 1326 Ι
1627 1252 1664 1305 et

501 1353 694 1432 simpliciter,
715 1354 770 1415 sed
787 1356 846 1414 hoc
864 1355 914 1415 vel
930 1353 1008 1414 illud
1027 1373 1106 1415 esse.

582 1460 658 1520 Cum
676 1461 791 1521 nullum
816 1462 1000 1539 particulare
1021 1462 1064 1523 sit
1080 1460 1263 1540 simpliciter
1279 1460 1453 1541 pulchrum,
1470 1462 1515 1521 nil
1533 1461 1662 1540 simpli-

502 1568 578 1628 citer
602 1568 717 1628 vincire
740 1576 851 1646 potest.
873 1569 932 1629 Est
952 1578 1054 1629 tamen
1076 1568 1250 1649 appetiltus
1272 1567 1454 1648 simpliciter
1475 1568 1602 1648 pulchri
1624 1569 1660 1629 in

435 1681 479 1745 10
502 1677 656 1751 omnibus;
675 1677 776 1736 omnia
798 1677 878 1736 enim
905 1683 1056 1754 appetunt
1082 1696 1152 1737 essa
1178 1676 1319 1736 absolute
1348 1683 1380 1736 et
1400 1695 1438 1734 ax
1459 1676 1542 1735 omni
1559 1685 1659 1756 parte

501 1783 635 1860 pulchra,
655 1787 660 1858 Ι
680 1803 739 1842 non
754 1782 947 1860 simpliciter,
961 1783 1042 1859 quod
1056 1784 1116 1842 hoc
1128 1791 1177 1844 est
1192 1782 1383 1861 impossibile
1397 1782 1643 1860 particularibus
1648 1803 1657 1859 ;

501 1888 561 1949 alia
579 1890 659 1948 enim
678 1898 726 1950 est
742 1889 938 1968 pulchritudo
956 1890 1045 1949 unius
1064 1889 1194 1968 speciei,
1214 1888 1275 1949 alia
1293 1889 1434 1967 alterius,
1456 1890 1518 1950 alia
1535 1889 1541 1971 Ι
1559 1889 1658 1950 unius

501 1998 636 2074 generis,
655 1997 715 2057 alia
728 1996 814 2059 alius.
832 1998 859 2056 N
862 2018 900 2057 on
916 2009 1017 2059 tamen
1036 1998 1152 2078 specie,
1167 2000 1238 2076 quia
1254 2005 1322 2058 tota
1336 1998 1532 2078 pulchritudo
1550 2012 1604 2060 est
1621 2000 1656 2058 in

501 2111 567 2165 tota
578 2104 689 2183 specie.
705 2105 796 2166 Unda
814 2106 820 2184 Ι
838 2105 912 2165 licet
926 2107 1025 2166 omnis
1039 2105 1142 2184 puella
1156 2103 1315 2166 desideret
1325 2125 1395 2167 esse
1410 2107 1541 2167 exomni
1556 2114 1655 2187 parte

436 2215 477 2280 15
501 2212 638 2292 pulchra,
652 2213 736 2273 nulla
747 2223 849 2273 tamen
868 2221 924 2274 eat.
943 2211 1033 2273 Unde
1044 2214 1122 2274 bene
1133 2212 1211 2273 dixit
1228 2215 1235 2291 Ι
1253 2211 1454 2275 Charidemus
1471 2215 1652 2275 mutilatum

500 2319 772 2399 imperfectumque
790 2339 859 2381 esse
880 2320 1040 2398 pulchrum
1058 2321 1140 2397 quod
1156 2341 1305 2400 corporea
1320 2332 1431 2382 natura
1447 2322 1599 2399 cernitur5
1618 2332 1654 2384 et

499 2435 632 2489 testatur
649 2427 655 2510 Ι
673 2427 782 2488 Zeusis
798 2427 920 2488 Helena
937 2426 975 2488 da
993 2427 1132 2507 pluribus
1151 2427 1339 2488 crotoniatis
1355 2429 1526 2506 virginibus
1537 2427 1609 2511 (-)

580 2537 660 2597 Item
681 2557 748 2597 cum
774 2537 969 2617 pulchritudo
986 2539 1017 2596 in
1038 2537 1168 2614 quadam
1197 2538 1366 2599 simmetria
1384 2539 1544 2616 consistat,
1568 2538 1653 2601 haec

501 2651 601 2704 autem
618 2645 659 2703 sit
673 2643 834 2722 multiplex
848 2651 881 2705 st
895 2644 1144 2725 innumeralbilis
1162 2664 1287 2705 numero
1303 2644 1342 2704 ad
1359 2645 1456 2705 multa
1469 2645 1649 2725 supposita,

437 2757 482 2821 20
502 2773 561 2812 non
583 2762 684 2813 autem
712 2751 854 2830 simplex,
883 2752 1037 2813 vinculum
1064 2752 1300 2833 pulchritudinis
1328 2773 1388 2813 non
1416 2753 1475 2814 erit
1501 2753 1654 2833 simplici-

501 2868 558 2934 ter,
581 2860 586 2938 l
605 2859 659 2918 sad
676 2858 715 2917 ad
734 2859 857 2936 aliquid.
880 2861 976 2920 Immo
995 2861 1074 2922 sicut
1092 2861 1233 2923 diversae
1251 2863 1385 2940 species,
1403 2863 1447 2922 ita
1468 2870 1499 2922 at
1520 2862 1652 2922 diversa

498 2965 658 3026 individua
674 2987 692 3026 a
709 2967 842 3027 diversis
860 2968 1047 3043 vinciuntur;
1068 2969 1073 3051 Ι
1092 2969 1151 3030 alia
1169 2972 1249 3029 araim
1271 2971 1441 3030 simmetria
1458 2978 1506 3030 ast
1523 2969 1563 3030 ad
1583 2971 1651 3030 vin-

502 3073 640 3133 ciendum
658 3074 829 3152 Socratem,
847 3075 907 3134 alia
928 3075 967 3134 ad
987 3076 1159 3154 Platonem,
1183 3077 1243 3136 alia
1264 3075 1303 3136 sd
1326 3075 1565 3153 multitudinem,
1586 3078 1651 3138 alia

501 3181 539 3239 ad
557 3202 671 3259 paucos
678 3204 685 3258 3
706 3183 709 3262 Ῑ
729 3183 778 3243 alii
799 3182 965 3259 masculos,
982 3184 1034 3242 alii
1048 3183 1224 3260 faeminam,
1240 3185 1291 3244 alii
1306 3184 1489 3262 viraginem,
1505 3183 1557 3245 alii
1574 3186 1653 3245 mol·

435 3283 478 3345 25
501 3287 561 3348 lem
578 3288 731 3349 adamant.

581 3395 655 3455 Ideo
674 3397 786 3455 stultus
804 3417 887 3456 amor
905 3399 956 3473 qui
977 3398 1028 3458 uni
1046 3398 1201 3476 alligatur,
1222 3399 1292 3474 quia
1313 3397 1504 3458 conditiones
1522 3398 1597 3457 boni
1616 3407 1651 3459 ct

501 3503 641 3562 amabilis
658 3512 730 3562 suut
741 3503 912 3582 dispersaa;
933 3504 936 3585 l
956 3505 1024 3565 ideo
1040 3506 1144 3583 plures
1159 3526 1321 3585 possumus
1336 3507 1412 3566 bene
1427 3525 1548 3566 amare:
1563 3506 1650 3567 sicut

501 3610 612 3668 bonum
624 3630 736 3686 cocum,
750 3611 860 3670 bonum
875 3611 1012 3688 militem,
1030 3613 1140 3671 bonum
1159 3610 1373 3689 philosophum
1380 3632 1387 3685 ;
1408 3630 1412 3691 Ι
1429 3611 1474 3671 ita
1484 3610 1649 3673 mulierem

589 3865 605 3914 2
621 3861 650 3913 in
663 3862 706 3912 Br
719 3862 823 3913 aanrdrc
833 3861 960 3927 piultoato
972 3862 1170 3929 dispositionis
1184 3880 1196 3912 a
1210 3863 1418 3929 inclinationu;
1431 3881 1475 3914 mo
1487 3867 1521 3926 cs.
1532 3881 1564 3930 p.
1581 3867 1646 3926 659,

504 3947 534 3993 16
548 3963 584 4009 sq.
650 3948 679 3997 11
696 3945 1031 4011 ‹lopopulchraccutcella
1044 3947 1121 4012 quod
1128 3982 1208 3997 ......
1233 3947 1274 3996 Βν
1340 3947 1369 3996 15
1386 3946 1650 3997 ChardsmusBr9

504 4026 532 4074 ll
549 4026 659 4086 Zeusis]
681 4027 718 4076 sic
735 4026 792 4091 Br,
809 4027 845 4091 cs.
860 4042 913 4088 per
934 4043 967 4076 aa.
991 4044 1008 4074 a
1031 4027 1082 4076 col·
1101 4027 1145 4087 H,
1158 4029 1174 4075 2
1188 4043 1217 4090 p.
1238 4029 1353 4088 135,14.
1372 4028 1413 4077 Dc
1440 4027 1530 4080 Umhr.
1552 4026 1647 4080 idear.

502 4123 528 4168 p.
545 4108 585 4159 91,
603 4110 628 4154 ll
643 4107 723 4157 [νηὸν.
788 4105 970 4174 nolentata]
988 4124 1012 4157 o.
1031 4107 1143 4168 Bruma,
1165 4107 1257 4158 Geaclr.
1276 4105 1324 4155 der
1339 4108 1440 4170 priech.
1455 4107 1587 4159 Karmala
1606 4109 1649 4175 1¹,

502 4189 550 4250 80;
573 4190 608 4250 cs.
628 4190 861 4251 p.660,12qu.
926 4189 1027 4238 laam
1044 4185 1211 4255 simmetria]
1229 4187 1266 4238 sic
1283 4187 1326 4237 Br
1390 4191 1421 4238 18
1440 4190 1476 4254 cs.
1497 4188 1567 4254 Opp.
1585 4188 1651 4242 isal.

498 4283 529 4330 p.
548 4270 616 4328 643,
635 4269 669 4316 37
681 4284 735 4332 sqq.
800 4268 923 4319 maner.
939 4268 981 4317 Br
1043 4267 1281 4333 mappinius&
1299 4304 1410 4320 ........
1426 4270 1504 4320 surdi
1519 4306 1649 4324 .........

503 4347 683 4409 amabilium,
699 4348 792 4398 bellus
807 4384 874 4399 .....
891 4358 920 4398 et
936 4366 1041 4413 parvus
1057 4350 1147 4413 (Μὶν
1209 4349 1240 4399 27
1257 4350 1412 4415 dispersae]
1431 4350 1458 4399 la
1475 4349 1575 4401 lazicae
1591 4369 1651 4404 non

502 4426 514 4476 d
531 4427 702 4479 inleronrcale
715 4428 822 4490 sicura,
836 4447 879 4478 nro
892 4429 927 4495 cs.
939 4446 968 4492 p.
983 4432 1041 4490 661,
1053 4431 1070 4478 4
