3488 5108
499 405 560 464 640

499 579 627 640 obscuro
645 585 693 638 ost
709 577 739 637 in
757 595 859 637 rerum
877 574 882 656 Ι
901 573 1143 653 corruptibilium
1166 574 1317 651 subiecto,
1345 572 1445 634 minue
1470 573 1615 634 obscure
1635 567 1669 628 in

419 754 425 763 ἦ
496 693 618 759 natura,
636 686 718 745 clare
734 684 766 743 in
783 681 895 760 anima,
916 681 1085 741 clarissime
1104 682 1108 764 l
1127 682 1158 741 in
1176 691 1287 742 mente.

578 792 707 852 Vincula
729 797 799 852 sunt
817 810 933 850 morum
950 789 1151 866 concinnitas,
1168 788 1306 867 corporis
1322 786 1435 865 forma,
1452 806 1571 848 vocum
1592 805 1668 844 oon-

498 901 649 976 sonantia,
669 908 700 960 et
723 907 844 960 caetera
866 917 943 975 quae
963 907 966 954 1
985 895 1140 976 profluunt
1168 904 1200 956 ot
1224 896 1263 956 ab
1289 895 1453 972 aedificiis,
1485 915 1506 955 a
1523 892 1662 969 statuis,

454 1001 474 1064 5
498 1009 693 1085 carminibus,
713 1007 912 1068 orationihus.
941 1007 1029 1066 Haec
1049 1004 1189 1084 Platolni
1213 1005 1384 1084 pulchrum,
1409 1003 1535 1064 Socrati
1556 1000 1665 1063 excel·

498 1115 565 1174 lens
590 1114 683 1173 animi
710 1121 870 1188 venustas,
899 1111 1025 1172 Timaeo
1050 1112 1141 1171 animi
1166 1110 1335 1191 tylrannis,
1361 1108 1490 1169 Platoni
1517 1118 1662 1169 naturae

498 1221 705 1300 privilegium,
718 1221 931 1299 Theophrasto
944 1219 1039 1280 tacita
1053 1218 1208 1297 deceptio,
1222 1217 1376 1278 Salomoni
1393 1215 1476 1295 ignis
1496 1216 1500 1297 Ι
1519 1215 1659 1277 abscon·

499 1328 594 1407 ditus,
622 1348 719 1406 aquae
747 1327 891 1397 furtivae,
923 1326 1086 1387 Theocrito
1115 1326 1281 1386 eburneum
1307 1323 1545 1401 detrimentum,
1581 1321 1660 1382 Oar-

498 1434 587 1494 noadi
608 1440 611 1499 l
630 1455 758 1512 regnum
775 1432 954 1510 sollicitum,
973 1441 1004 1494 et
1021 1433 1091 1492 aliis
1108 1431 1220 1492 aliter.'·

434 1541 476 1606 10
579 1541 742 1601 Vinculum
757 1542 815 1601 hoc
831 1560 892 1600 nou
910 1549 958 1600 est
973 1559 1095 1617 corpus,
1108 1539 1182 1599 licet
1197 1539 1228 1597 in
1246 1556 1374 1619 corpore
1386 1543 1549 1613 versetur;
1569 1535 1657 1597 idem

501 1651 579 1710 enirn
597 1651 687 1710 hodie
705 1648 882 1725 formosum,
905 1656 908 1718 l
928 1668 995 1708 cras
1014 1667 1085 1708 casn
1103 1648 1203 1724 aliquo
1221 1646 1355 1707 foedum.
1373 1646 1463 1706 Unde
1481 1645 1571 1704 aliud
1590 1642 1657 1704 for-

498 1776 628 1834 mosum,
648 1757 731 1816 aliud
748 1776 875 1834 corpus,
894 1754 977 1815 aliud
995 1755 1157 1816 vinculum.

578 1863 616 1922 Id
637 1873 738 1925 autern
756 1871 804 1925 est
821 1863 976 1924 vinculum
989 1871 1054 1923 tum
1071 1860 1112 1922 ad
1126 1870 1230 1940 partes
1249 1860 1386 1940 corporis
1404 1859 1655 1936 concinnandae,
1682 1863 1733 1926 2¹

497 1971 615 2031 ratione
644 1971 774 2049 quadam
801 1972 1021 2051 incorporea,{
1046 1969 1225 2030 tumetium
1252 1968 1292 2028 ad
1319 1968 1434 2045 aliquid
1460 1990 1497 2029 ea
1523 1968 1652 2029 ratione

433 2077 474 2142 15
498 2077 679 2139 trahendum
696 2078 734 2138 ad
754 2097 872 2157 corpus.

578 2186 739 2245 Vinculum
757 2186 815 2246 hoc
842 2192 978 2246 non'est
1005 2186 1102 2246 moles
1123 2205 1179 2246 nec
1206 2186 1238 2244 in
1262 2185 1342 2245 molo
1364 2185 1554 2263 consistens,
1573 2185 1653 2244 licet

499 2296 579 2353 circa
595 2295 705 2353 molem
728 2293 820 2354 etiam
838 2301 996 2369 versetur;
1019 2291 1265 2369 quandoquidem
1284 2312 1287 2362 r
1305 2312 1365 2351 non
1387 2292 1518 2370 grandia
1538 2291 1650 2367 modo,

498 2401 553 2461 sed
582 2410 613 2461 et
641 2401 759 2477 brevia,
789 2399 925 2460 formosa
943 2400 1116 2477 videantur,
1140 2409 1172 2460 et
1198 2419 1291 2477 saepe
1319 2399 1448 2477 grandia
1475 2399 1649 2476 deformia,

498 2505 616 2587 parvul
636 2504 782 2583 formosa,
803 2517 833 2566 et
860 2516 1017 2581 econtra;
1042 2516 1073 2567 et
1098 2525 1191 2585 saepe
1217 2514 1320 2566 stante
1342 2504 1447 2566 eadem
1471 2504 1650 2582 quantitate

431 2620 475 2684 20
498 2631 569 2671 casu
587 2613 718 2687 quodam
736 2613 930 2690 pulchritudo
949 2613 1082 2691 tollitur,
1100 2613 1267 2689 eademque
1289 2621 1406 2673 mutata
1446 2611 1649 2690 pulchritudo

497 2729 687 2796 perseverat.

576 2826 739 2885 Vinculum
755 2827 814 2887 hoc
831 2837 879 2888 est
896 2827 1046 2904 quaedam
1064 2829 1107 2888 rei
1123 2829 1256 2907 species,
1274 2848 1351 2905 qliae
1370 2849 1387 2886 a
1404 2847 1438 2887 re
1455 2827 1495 2885 ud
1509 2827 1649 2886 animam

496 2934 713 3012 proficiscitur,
737 2944 921 2996 nontamen
944 2937 1062 2997 recedit
1090 2958 1160 2996 are
1179 2937 1184 3019 Ι
1203 2937 1353 3012 subiecta,
1378 2937 1457 2996 siout
1480 2937 1562 3013 ignis
1591 2938 1648 3012 qui

496 3060 581 3100 suam
599 3043 732 3119 speciem
754 3042 897 3104 emittens
919 3050 950 3105 et
967 3045 1162 3105 comunicans
1182 3066 1243 3104 non
1261 3053 1450 3121 attenuatur,
1469 3045 1549 3105 siout
1568 3046 1648 3104 ima

430 3155 472 3218 25
496 3170 535 3225 go
555 3152 558 3228 Ι
578 3169 654 3225 quae
673 3150 702 3211 in
721 3151 858 3210 subiecto
876 3152 986 3229 primo,
1005 3153 1036 3210 in
1053 3153 1191 3229 speculo,
1215 3153 1246 3210 in
1267 3151 1461 3222 intermedio,
1480 3151 1512 3209 in
1534 3151 1646 3212 oculis.

576 3257 749 3333 Vinculum,
770 3257 850 3332 quod
868 3279 886 3317 a
903 3279 1031 3336 corpore
1049 3258 1263 3336 proficiscitur,
1284 3259 1398 3318 nullam
1420 3258 1513 3318 habet
1535 3278 1648 3336 corpo·

495 3365 539 3424 ris
558 3371 675 3440 partem
697 3365 868 3439 definitam,
889 3366 962 3425 licet
979 3367 1057 3426 enim
1075 3366 1198 3444 rapiunt
1217 3370 1221 3439 l
1240 3366 1359 3425 dicendi
1380 3367 1529 3443 suaviteS,
1546 3367 1644 3442 oculi,

495 3470 646 3549 incessus,
663 3473 787 3530 maxilla
804 3479 835 3530 et
850 3480 979 3549 caetere,
993 3474 1068 3532 hoec
1079 3481 1182 3532 tamen
1198 3473 1305 3533 eodem
1323 3492 1447 3532 numero
1466 3473 1492 3532 si
1506 3472 1647 3534 diversis

495 3578 709 3662 trib(uon)ltur
726 3581 886 3656 subiectis,
906 3601 966 3639 nou
988 3579 1156 3640 identidem
1178 3581 1378 3658 similiterque
1400 3580 1542 3640 vinciunt.
1567 3580 1646 3640 Alia

429 3687 473 3750 30
496 3708 615 3763 quoque
632 3689 751 3748 ratione
769 3689 883 3747 nullam
901 3688 995 3749 habet
1013 3687 1169 3748 definitam
1189 3690 1193 3768 Ι
1213 3688 1349 3767 corporis
1367 3697 1498 3767 portem,
1514 3688 1587 3762 quia
1606 3709 1648 3748 ex

496 3797 576 3853 omui
591 3801 678 3872 parto
693 3795 789 3871 gratia
811 3796 965 3873 procedit:
987 3796 1066 3854 unde
1084 3796 1176 3855 Plato
1195 3795 1405 3872 incorporeum
1423 3804 1454 3855 et
1469 3794 1647 3872 spiritalem

495 3901 614 3961 animae
632 3901 898 3979 pulchritudinem,
913 3902 986 3962 licet
1005 3905 1008 3983 l
1027 3912 1101 3982 post
1115 3911 1236 3982 ruptum
1255 3903 1429 3962 universum
1446 3921 1556 3980 corpus
1572 3922 1648 3977 gra·

496 4009 608 4068 tiosurn
625 4008 727 4068 reddit
745 4009 884 4070 amantis.

585 4242 600 4290 d
618 4247 730 4290 cantora
744 4245 825 4305 quae]
841 4240 884 4288 Br
899 4239 912 4287 ?
973 4241 1024 4289 to
1040 4241 1073 4302 cf.
1084 4255 1114 4302 p.
1132 4241 1192 4296 690,
1204 4241 1238 4288 20
1250 4255 1318 4304 sqq.;
1333 4238 1413 4303 Diop.
1429 4238 1519 4287 Laert.
1536 4239 1560 4300 5,
1574 4239 1599 4296 1,
1613 4240 1647 4289 11

496 4322 585 4384 idos.
599 4321 930 4385 Opp.ital.p.712,2lsq.
975 4317 1379 4370 {letaliteraliaLutorlau-slci
1424 4319 1648 4383 18e19sepeBr

495 4402 526 4449 ‘27
542 4404 659 4466 rapiunt
676 4400 806 4464 piuttosto
828 4401 872 4451 cllo
895 4402 939 4451 Br
1010 4402 1151 4463 29<uan)]
1173 4415 1260 4463 uturp.
1281 4399 1364 4450 reciso
1435 4399 1515 4449 31.33
1536 4398 1573 4449 cic
1597 4401 1646 4450 Br

495 4482 526 4531 32
542 4483 689 4546 pulchritn
702 4481 758 4544 Br,
770 4499 813 4532 mo
827 4498 890 4532 sono
904 4481 1047 4532 cancellato
1056 4488 1169 4545 proretae
1184 4481 1206 4530 lc
1215 4487 1322 4545 qnatlro
1332 4479 1486 4546 procedenti
1495 4480 1595 4545 parole
