3488 5108
211 424 220 445 ,
290 365 347 424 too
729 382 991 428 mansurarum

286 539 379 605 enim
407 539 443 603 in
472 540 650 626 proposito
681 540 761 606 finis
796 540 983 606 seeundum
1012 562 1130 607 omnes
1160 540 1432 627 significationes

286 663 414 730 dicitur
437 664 480 729 de
507 666 667 732 omnibus
691 665 808 750 rebuS,
831 688 891 731 seu
915 665 957 731 de
981 666 1076 732 omni
1099 666 1233 732 dicibili
1262 674 1297 732 ot
1324 667 1434 733 consi·

286 788 446 874 derabili,
471 796 533 856 aut
557 791 670 857 active
694 797 754 856 aut
777 792 928 878 passive,
953 797 1014 858 aut
1033 791 1071 857 in
1093 799 1188 858 recto
1207 798 1268 857 aut
1288 793 1325 856 in
1349 791 1433 858 obli-

287 937 368 1002 quO,
394 923 454 981 aut
479 916 723 983 antecedenter
742 925 803 983 aut
822 924 1085 1005 consequenter,
1106 925 1166 984 aut
1184 917 1325 983 tandem
1344 917 1434 983 affir-

243 1042 415 1108 amative
442 1049 503 1108 aut
530 1043 707 1128 negativa
733 1044 783 1109 ita
811 1052 846 1109 et
873 1044 1007 1130 reliqua
1038 1044 1154 1109 omnia
1183 1044 1225 1109 de
1256 1043 1432 1130 omnibus,

287 1167 439 1254 reliquae
458 1167 603 1252 inquam
628 1191 746 1236 omnes
762 1177 897 1236 statuae
916 1176 950 1235 et
970 1170 1086 1235 omnia
1111 1176 1304 1236 statuarum
1327 1192 1432 1236 mem·

287 1293 365 1376 bra,
386 1293 435 1358 ita
459 1300 499 1357 ut
523 1292 752 1379 quodcunque
777 1295 823 1360 sit
842 1295 929 1360 illud
952 1295 994 1360 de
1014 1317 1081 1380 quo
1103 1294 1223 1360 futura.
1247 1301 1299 1361 est
1323 1295 1432 1361 consi-

288 1419 420 1485 deratio
448 1418 502 1485 vel
530 1443 656 1505 sermo,
682 1422 916 1508 cuiuscunque
947 1445 987 1488 ex
1016 1422 1094 1488 istis
1125 1428 1213 1501 (turn
1243 1422 1432 1489 secundum

288 1551 414 1628 totum,
440 1552 515 1611 tum
537 1547 725 1613 secundum
747 1556 876 1636 partos)
900 1547 1169 1635 applicationem
1195 1546 1434 1633 subterfugere

223 1669 265 1733 to
289 1680 451 1760 nequeat,
476 1674 564 1740 citra
588 1677 885 1763 perturbationem
910 1675 1052 1759 ordinm,
1074 1675 1325 1761 confusionem,
1347 1676 1434 1742 diffi-

291 1802 455 1867 cultatem
475 1808 509 1867 et
528 1803 721 1890 vaniloquii
741 1805 899 1891 speciem.

640 2120 785 2197 ORDO
829 2120 1077 2197 TERTIVS.

378 2422 600 2510 Consequens
631 2430 683 2487 cst
712 2422 813 2487 modo
848 2422 889 2487 de
922 2421 1212 2508 consequentibus
1248 2421 1435 2508 principiis

289 2556 442 2616 sternere
471 2548 705 2636 disciplinam,
734 2570 822 2634 quae
847 2549 1013 2615 nimirum
1048 2548 1160 2636 primo
1190 2546 1329 2634 quidem
1364 2546 1432 2612 tria

225 2679 266 2744 15
289 2682 383 2757 sunt,
414 2681 533 2761 utpote
560 2673 712 2754 bonitati,
742 2674 944 2760 magnitudo
975 2682 1009 2740 et
1042 2674 1163 2739 virtus.
1196 2673 1352 2738 Primum
1376 2694 1434 2737 au-

290 2808 359 2866 tem
373 2823 393 2866 a
405 2799 572 2865 bonitatis
592 2799 866 2866 consideratione
881 2801 1097 2866 exordientes
1115 2798 1352 2888 proponimuS,
1371 2819 1433 2884 pro

290 2925 438 3012 duplicis
458 2925 712 3011 significatione
731 2925 899 2991 bonitatis
918 2924 1185 3012 praesentanda,
1206 2923 1352 2997 duorum
1375 2945 1437 2987 nu-

291 3050 424 3117 minum
442 3073 590 3139 campos.

404 3382 478 3454 oa
521 3321 704 3456 olum
748 3378 927 3455 oounn
969 3381 1040 3454 nr
1083 3376 1316 3454 unsrun.

225 3692 269 3755 ‘20
383 3677 482 3743 Sicut·
501 3676 627 3764 duplex
647 3684 699 3741 est
720 3677 869 3761 bonitaS,
891 3678 1060 3743 naturalis
1084 3677 1245 3744 vide-licet
1269 3684 1304 3743 et
1328 3701 1435 3743 inora-

291 3801 348 3887 lis,
367 3803 416 3867 ita
432 3802 605 3889 duplicem
623 3803 791 3869 bonitatis
808 3803 996 3889 imaginem
1013 3802 1175 3869 distinete
1193 3826 1326 3869 sumere
1339 3825 1437 3891 opor-

492 4178 536 4206 cun

383 4221 400 4270 8
417 4216 592 4285 cujusqqu
659 4217 688 4267 12
702 4218 736 4280 cf.
751 4234 768 4266 α
777 4233 805 4281 p.
822 4219 864 4278 62,
878 4220 913 4266 23
978 4218 1007 4267 19
1024 4224 1121 4277 cornu]
1135 4233 1225 4268 curru
1242 4218 1285 4268 M:
1300 4235 1378 4269 contr
1396 4220 1433 4283 Α;

292 4300 375 4351 airolae
391 4298 535 4365 inacfflciw
548 4298 571 4349 ai
582 4298 724 4348 alternatio
738 4317 756 4347 o
768 4298 902 4363 copriccio
916 4298 1031 4349 Coelius
1045 4298 1111 4363 (ciol
1127 4299 1148 4348 il
1160 4300 1263 4350 Caelus
1280 4298 1351 4366 ‹leqli
1367 4299 1437 4351 anti-

292 4381 345 4445 clu')
360 4399 372 4429 c
390 4382 521 4445 Ooolunr,
539 4397 582 4429 uta
597 4379 643 4444 qui
660 4379 677 4428 l’
689 4379 784 4429 unione
808 4397 855 4430 con
872 4380 900 4429 la
921 4378 971 4429 dra
991 4380 1067 4430 l'rslo
1083 4380 1197 4441 reclude,
1217 4379 1242 4431 ci
1253 4397 1339 4444 pure,
1359 4382 1377 4431 l'
1388 4399 1439 4445 np-

289 4461 418 4530 pellatiro
482 4479 515 4515 ur
532 4476 634 4512 rasura
647 4459 684 4509 A:
699 4467 729 4520 ÷
743 4460 809 4526 (cine
821 4462 875 4512 hoo
889 4463 944 4527 ost)
959 4477 1094 4514 nourrara
1105 4478 1242 4514 ursariam
1255 4462 1288 4513 Μ
