3488 5108
266 416 287 474 4
412 427 598 474 PRAEFATIO
618 428 654 474 m
674 427 855 474 impanari
875 427 1034 473 'meum
1055 425 1258 472 STATVABVH.

269 586 388 671 quitur
416 607 471 652 ars
501 591 604 672 atque
633 583 795 668 scientia,
826 583 989 651 inertiam
1020 604 1101 650 vero
1129 589 1164 649 et
1191 582 1400 671 imperitiam

266 733 365 779 casus
384 718 488 797 atque
507 708 658 776 fortuna.

353 835 419 902 His
449 836 499 902 ita
528 857 563 902 se
593 834 815 917 habentibus,
840 856 915 900 eam
949 835 1161 901 intentamus
1190 840 1314 919 artem,
1338 855 1400 920 per

264 983 368 1048 quam
396 960 535 1048 quidem
558 980 578 1025 a
601 958 828 1026 similitudine
857 979 990 1045 eorum,
1015 959 1076 1044 qui
1104 958 1213 1025 veluti
1237 981 1317 1025 casu
1340 964 1402 1025 aut

222 1078 408 1152 bforcuna
437 1084 649 1167 discurrunt,
679 1082 911 1171 seiungamur,
945 1106 1056 1170 neque
1086 1106 1164 1150 cum
1197 1082 1400 1150 methodicis

266 1209 358 1294 aliis,
381 1231 527 1296 quorum
553 1215 644 1276 artes
666 1231 729 1297 pro
752 1230 869 1275 earum
893 1209 1084 1297 capacitate
1107 1209 1191 1275 alias
1215 1207 1403 1275 elucidavi-

265 1358 341 1402 mus
366 1342 401 1402 et
426 1335 642 1419 adauximus,
670 1334 804 1401 lubrica
834 1334 995 1422 quadam,
1026 1356 1161 1422 aspera,
1187 1333 1401 1400 inconstanti

263 1484 328 1528 neo
355 1461 584 1549 undequaque
610 1458 780 1547 frugifera
806 1459 864 1525 via
887 1466 922 1524 et
943 1459 1211 1546 perlustratione
1234 1457 1402 1525 discune-

265 1609 354 1671 muS,
375 1586 458 1653 adeo
482 1592 522 1652 ut
544 1585 678 1652 fructus
700 1585 907 1673 perquisitos
930 1606 1008 1650 cum
1031 1584 1203 1651 nullarum
1226 1583 1402 1651 frondium

199 1709 243 1776 10
265 1719 301 1779 et
323 1712 480 1800 veprium
504 1710 646 1777 minime
668 1709 937 1798 perquisiturum
960 1716 995 1776 et
1017 1709 1296 1777 desiderabilium
1324 1732 1402 1776 oon·

264 1859 366 1904 cursu
389 1836 542 1924 arripere
558 1834 747 1923 contingat.
764 1834 986 1922 Propositum
1001 1834 1109 1920 igitur
1127 1842 1179 1901 ost
1197 1834 1403 1901 eiuscemodi

264 1962 464 2030 inveniendi
492 1961 587 2028 viam
608 1969 774 2042 sternere,
802 1982 871 2046 qua
898 1984 939 2026 ex
962 1961 1233 2048 proximioribus
1260 1962 1267 2049 Ι
1298 1967 1401 2048 atque
1425 1960 1517 2026 98v

264 2089 427 2178 propriis,
448 2110 559 2174 neque
577 2086 660 2154 adeo
677 2087 831 2169 remotis,
850 2093 885 2152 et
901 2087 1012 2153 multa
1030 2087 1265 2153 contractione
1283 2093 1319 2153 et
1337 2087 1403 2152 ela·

264 2213 457 2299 horatione,
481 2212 621 2280 solertia
643 2221 748 2300 atque
775 2211 931 2279 discursu
958 2212 1210 2301 indigentibus,
1236 2211 1402 2279 facillime

200 2338 242 2403 15
266 2339 421 2406 omnium
440 2346 475 2405 et
492 2338 728 2428 propriissime
746 2338 978 2426 procedamus.

343 2617 374 2667 15
389 2614 514 2668 facilins
525 2620 549 2681 (c
557 2617 610 2667 coel
623 2622 817 2668 coawnlamcnte
828 2617 971 2669 facilimus
979 2623 1039 2683 θεας
1048 2634 1100 2683 per
1109 2633 1176 2682 cap.
1185 2618 1211 2678 8,
1220 2619 1259 2668 12.
1267 2620 1299 2667 21
1308 2620 1367 2682 cta.)
1376 2619 1400 2668 A
