3488 5108
292 408 353 466 484
734 415 995 461 rononnrnuvu1

295 578 406 655 ficitur,
426 586 457 637 et
474 596 510 636 ex
524 575 625 635 inedia
643 574 673 634 in
689 595 870 650 maerorem,
888 573 1055 651 tristitiam,
1073 573 1322 652 indignationem,
1342 575 1431 651 iram,

294 706 392 745 rorum
410 682 628 760 negligentiam
645 690 676 739 et
690 682 806 741 similes
824 681 899 740 alios
914 681 1071 741 Saturnios
1087 701 1162 757 quos
1179 689 1290 742 vocant
1304 681 1435 742 affectus

295 793 404 851 animal
422 790 625 869 compellitur,
645 790 688 849 ita
706 796 737 849 et
753 810 789 848 ex
812 788 946 848 definitis
974 789 1154 865 quibusdam
1176 790 1377 868 nultrimentis
1400 798 1432 850 et
1461 791 1558 854 86⁹
1574 787 1614 851 G

293 898 542 960 medicaminibus
558 897 633 957 varii
650 896 779 956 affectus
795 916 831 954 ex
843 896 1006 957 affectuum
1017 897 1111 956 variis
1122 897 1289 976 principiis,
1302 897 1436 973 quisunt

251 1013 271 1072 ἶ)
294 1007 370 1067 varii
386 1005 525 1080 spiritus,
540 1024 668 1080 quorum
683 1012 744 1063 tam
756 1004 851 1062 multa
865 1013 936 1063 sunt
949 1022 1063 1080 genera
1075 1025 1163 1080 quam
1178 1005 1291 1064 multae
1306 1013 1435 1082 possunt

296 1135 364 1175 esse
381 1113 620 1191 complexionum
639 1112 770 1191 species,
788 1123 851 1173 tam
872 1115 958 1172 multi
976 1114 1057 1172 modi
1074 1133 1163 1189 quam
1181 1113 1268 1172 multi
1285 1114 1317 1172 in
1332 1114 1434 1190 singu·

295 1225 333 1284 lis
350 1225 510 1303 speciebus
528 1232 657 1301 possunt
674 1243 742 1283 esse
759 1222 882 1300 gradus.
896 1222 986 1282 Unde
1000 1222 1054 1281 illa
1067 1222 1217 1301 principia
1230 1222 1290 1281 alia
1307 1232 1378 1281 suut
1392 1242 1436 1280 ra-

296 1333 428 1409 tionalia,
448 1332 508 1391 alia
523 1330 710 1391 irrationalia
727 1329 891 1391 secundum
909 1339 1019 1407 actum,
1039 1330 1099 1388 alia
1115 1328 1281 1389 secundum
1296 1337 1435 1389 naturam

296 1459 373 1515 quae
395 1439 527 1499 refertur
542 1439 545 1519 l
561 1437 600 1498 ad
617 1460 720 1516 unum,
739 1439 798 1498 alia
815 1438 977 1497 secundum
995 1446 1133 1496 naturam
1149 1457 1226 1514 quae
1243 1438 1374 1498 refertur
1397 1439 1437 1498 ad
1461 1430 1558 1494 36ν
1569 1432 1629 1493 M

232 1548 273 1611 10
296 1547 388 1607 alium
404 1546 610 1625 planetarum,
633 1555 663 1606 et
680 1545 718 1604 ad
736 1546 810 1604 haec
833 1544 1005 1604 definienda
1027 1545 1153 1603 multum
1171 1543 1246 1603 facit
1267 1545 1436 1622 complexio

296 1653 444 1730 subiecta,
471 1653 551 1713 unde
576 1652 657 1712 idem
682 1653 783 1711 viuum
810 1651 886 1711 alios
916 1653 1035 1711 omuino
1057 1653 1087 1711 in
1110 1660 1266 1730 stuporem
1288 1653 1385 1729 adigit
1406 1663 1438 1713 et

297 1767 397 1819 mente
410 1769 515 1836 captos
531 1758 635 1834 efficit,
649 1760 725 1818 alios
737 1757 906 1818 subtilioris
923 1760 1150 1836 vegetiorisque
1162 1759 1276 1835 ingenii
1287 1768 1319 1818 et
1331 1760 1439 1819 Ioviae

297 1866 453 1926 cuiusdam
480 1865 663 1941 affectionis,
692 1865 769 1925 alios
796 1866 918 1944 tristes,
937 1867 1014 1926 alios
1041 1867 1173 1942 salaces,
1192 1867 1269 1926 alios
1296 1874 1438 1926 strenuos

298 1986 328 2035 ot
345 1975 526 2051 mavortioS,
546 1974 622 2034 alios
640 1973 719 2050 pios,
742 1984 878 2049 sanctos,
900 1975 931 2033 in
948 1975 1064 2034 caelum
1082 1975 1271 2050 suspirantes
1292 1982 1324 2033 et
1340 1973 1436 2033 seculi

233 2081 273 2143 li)
297 2084 385 2142 huius
407 2090 520 2141 statum
547 2080 755 2159 deplorantes,
774 2080 855 2156 quod
873 2088 971 2139 totum
995 2081 1030 2140 iit
1056 2089 1182 2141 externo
1204 2080 1334 2156 quodam
1355 2099 1438 2139 acce-

298 2190 388 2249 dente
406 2190 522 2265 spiritu.
548 2189 656 2264 Itaque
679 2187 817 2248 videmus
838 2189 1043 2249 materialibus
1060 2188 1241 2265 quibusdam
1264 2188 1436 2248 forinsecus

298 2294 440 2355 affectum
462 2304 492 2354 et
517 2295 670 2370 ingenium
696 2296 848 2355 immutari
871 2317 888 2355 a
909 2296 1017 2374 spiritu
1040 2297 1239 2372 inexistente,
1267 2297 1318 2372 qui
1345 2305 1437 2356 mate-

297 2403 360 2461 riae
375 2401 521 2462 videlioet
535 2402 663 2462 iniectae
677 2402 836 2475 adhaeret,
852 2422 918 2462 cum
934 2424 992 2480 qua
1012 2405 1133 2479 digesta
1150 2404 1310 2481 digeritur,
1329 2415 1437 2480 egesta

299 2511 444 2586 egeritur,
473 2531 620 2586 cumque
645 2511 788 2570 haerente
816 2511 932 2585 haeret,
957 2512 1109 2572 vinciente
1131 2513 1225 2570 vincit
1252 2523 1283 2572 et
1310 2512 1435 2588 obligat.

232 2620 276 2684 20
298 2617 383 2675 Iusta
396 2618 453 2675 hoc
470 2637 566 2692 genus
584 2617 780 2693 vinculorum,
796 2617 877 2690 quod
894 2617 1038 2678 videlicet
1051 2629 1099 2677 est
1117 2638 1154 2676 ex
1172 2627 1258 2695 parte
1276 2618 1436 2695 spirituum

298 2724 519 2784 inhaerentium
536 2735 566 2784 et
583 2723 823 2799 inexistentiam,
841 2725 977 2799 sequitur
998 2727 1109 2801 mania,
1128 2726 1259 2785 stultitia
1277 2737 1308 2784 st
1325 2726 1378 2784 alii
1396 2725 1439 2784 af-

301 2832 407 2904 fectus,
425 2853 499 2906 quos
512 2844 624 2891 temere
643 2852 748 2891 omnes
764 2832 802 2889 ad
814 2840 911 2890 atram
922 2818 1014 2891 bilem
1025 2832 1163 2892 referunt
1180 2832 1300 2910 plurimi
1315 2832 1436 2906 loquen-

300 2947 347 2996 tes
364 2938 433 3014 plus
450 2959 537 3012 quam
556 2939 772 2997 ratiocinantes
792 2938 911 2997 medici.
928 2938 1039 2998 Omnes
1062 2937 1233 2997 huiusmodi
1255 2938 1334 2997 infra
1354 2939 1438 3015 vulgi

301 3045 472 3122 opinionem
483 3046 604 3123 sapiunt
622 3056 652 3104 et
669 3066 741 3104 vere
759 3054 830 3103 sunt
848 3046 943 3104 stulti.

234 3158 277 3220 25
389 3153 448 3212 Est
471 3152 553 3212 aliud
579 3172 676 3228 genus
704 3173 806 3211 eorum
833 3172 960 3226 quorum
980 3152 1106 3230 spiritus
1134 3173 1189 3211 seu
1215 3154 1345 3226 animus,
1364 3153 1437 3211 licet

299 3270 444 3337 tangatur
455 3261 609 3336 corporeis
625 3261 805 3335 quibusdam
820 3261 1045 3339 affectionibus,
1063 3283 1122 3320 non
1137 3272 1238 3322 tamen
1249 3271 1438 3339 penetratur,

302 3370 447 3443 vincitur,
470 3368 524 3427 sed
543 3388 596 3445 por
624 3385 764 3443 vegetam
787 3371 896 3428 mentis
918 3370 1060 3428 virtutem
1088 3371 1179 3428 altius
1208 3371 1298 3446 sapit,
1328 3378 1438 3427 utnon

302 3478 399 3534 solum
418 3477 458 3535 sit
483 3476 623 3534 immunis
641 3498 658 3534 a
685 3476 908 3535 turbationibus
930 3477 1103 3553 stultorum,
1132 3476 1295 3536 sedetiam
1317 3476 1440 3551 evulgi

301 3582 516 3660 trepidatione,
536 3604 595 3641 non
614 3582 741 3642 credens
759 3604 834 3659 quae
851 3584 926 3642 illud
944 3584 1052 3655 credit,
1067 3604 1128 3643 non
1142 3587 1251 3643 timens
1269 3605 1345 3659 quae
1362 3584 1440 3642 illud

236 3691 279 3752 30
301 3691 454 3762 formidat,
474 3700 670 3751 contemnens
686 3712 722 3751 ca
739 3693 769 3750 in
787 3712 862 3767 qliae
883 3692 959 3750 illud
976 3693 1079 3751 inhiat.
1098 3692 1216 3765 Vulgus
1239 3712 1311 3765 argo
1330 3691 1359 3748 in
1378 3709 1442 3749 me·

304 3798 354 3858 uio
373 3799 543 3858 consistens
563 3808 593 3858 et
622 3820 676 3857 suo
694 3800 784 3858 morlo
813 3800 981 3877 sapientiae
1000 3799 1112 3857 limites
1135 3810 1165 3858 et
1180 3798 1302 3856 ordines
1328 3797 1440 3856 cousti-

302 3918 406 3981 tuens,
427 3926 531 3966 omues
550 3926 644 3979 aeque
672 3920 759 3966 extra
776 3928 846 3966 suas
865 3915 961 3965 ructas
989 3920 1020 3964 ct
1038 3908 1133 3965 lineas
1151 3906 1335 3964 constitutos
1355 3917 1442 3964 extra

305 4068 396 4075 -——
626 4070 786 4076 *-
796 4071 893 4076 ,μ-
1118 4071 1162 4075 -,,
1177 4067 1435 4075 ῌ--ῇ-

395 4157 718 4208 linediall:rnediab'
781 4173 920 4208 merorem
932 4158 963 4207 M
1028 4158 1109 4207 iilla
1128 4159 1158 4206 0:
1174 4153 1444 4221 pcrolar'ucerlarl!

302 4294 464 4343 broferunt
487 4291 635 4355 (luprima
656 4291 736 4353 colla)
762 4293 783 4341 C
860 4295 888 4340 ll
908 4293 1103 4341 rr-aaalios
1122 4291 1164 4339 M¹
1250 4240 1445 4355 stuporaclllilttl!

304 4388 1442 4490 naadQMnMunumnmmmnrrmmr

302 4510 395 4558 factus
407 4507 437 4556 il!
452 4507 485 4570 (ἲ)
550 4507 581 4556 32
599 4507 774 4556 constitutos
788 4520 857 4553 corr.
873 4504 903 4552 ul
910 4521 915 4552 ι
931 4505 1110 4554 constitutus
1124 4503 1194 4554 3110
