3488 5108
657 427 964 475 taurinancium
987 429 1193 475 snnuvuuvu.
1457 415 1494 474 31

314 621 323 632 ·
352 583 494 649 alterius
514 583 637 649 hortun
654 606 757 670 snper
771 583 918 649 alterum
938 592 1003 669 est,
1023 584 1093 650 luoi
1112 584 1266 651 debetur.
1287 585 1368 651 Ideo
1387 586 1416 650 si
1436 585 1496 651 lro-

352 731 429 774 rum
449 706 598 775 alterum
618 709 661 774 ab
681 709 789 773 altero
810 708 1001 792 exceditur,
1020 709 1179 775 tenebras
1199 711 1363 777 convenit
1382 735 1401 777 a
1421 713 1497 777 luce

355 834 507 922 separari
524 833 639 921 potius
659 841 694 898 et
714 834 892 918 contineri,
913 857 1018 920 quam
1034 859 1052 901 e
1071 843 1200 920 contra,
1219 837 1317 902 iuxta
1337 837 1496 903 divinum

353 968 445 1026 certe
468 959 599 1025 dictum
624 958 723 1043 illud,
749 982 768 1025 a
792 982 997 1048 quoeunque
1020 962 1211 1048 prolatum:
1235 961 1321 1028 ‘lux
1345 962 1382 1028 in
1406 971 1498 1029 tenc-

310 1094 331 1156 b
355 1085 426 1150 bris
445 1084 551 1167 lucet,
571 1092 606 1149 et
623 1084 786 1150 tenebrae
806 1085 916 1172 ipsam
935 1110 1006 1153 non
1026 1087 1369 1175 comprehenderunt.
1385 1089 1392 1114 ²

445 1210 616 1276 XXVIII.
641 1209 837 1296 Turpitudo
860 1210 964 1277 Nocti
983 1212 1150 1278 tribuitur
1169 1220 1203 1279 et
1224 1213 1228 1300 Ι
1249 1219 1351 1300 turpe
1370 1212 1497 1279 dieitur
1524 1217 1630 1281 112r

355 1334 529 1421 quoddam
544 1334 698 1416 materia,
714 1335 794 1420 quia
803 1335 1037 1423 privationem
1047 1337 1175 1403 sociam
1186 1335 1292 1404 habet
1302 1361 1362 1404 seu
1375 1346 1497 1426 utpote

355 1468 534 1550 parentem
551 1461 694 1542 Orcum,
712 1468 854 1548 propter
871 1485 980 1549 genus
1001 1463 1145 1549 inquam
1161 1471 1279 1552 turpe,
1303 1489 1365 1553 per
1388 1489 1422 1532 se
1439 1488 1498 1531 au·

359 1595 429 1653 tem
445 1587 555 1674 ipsam
575 1608 686 1672 neque
705 1586 820 1673 turpis
839 1595 904 1670 est,
925 1610 1036 1673 neque
1055 1587 1193 1675 pulcra,
1214 1589 1273 1654 sed
1292 1591 1408 1678 potius
1423 1590 1500 1678 pul-

295 1715 336 1779 10
360 1711 543 1778 critudinis
561 1710 763 1776 subiectum.
782 1712 934 1778 Informe
951 1712 1042 1778 enim
1056 1713 1184 1779 dieitur
1195 1721 1337 1802 propter
1353 1739 1397 1799 se,
1415 1716 1497 1801 quia

360 1837 506 1904 formam
529 1858 600 1902 non
623 1830 747 1918 liabet;
772 1836 924 1903 deforme
947 1861 1029 1904 vero
1049 1838 1176 1905 dicitur
1194 1847 1337 1927 propter
1356 1839 1497 1923 Oreum,

356 1966 394 2033 in
410 1989 477 2052 qno
493 1967 610 2054 potius
630 1990 733 2053 quam
753 1991 773 2033 a
792 1990 859 2053 quo
878 1968 990 2034 forma
1009 1968 1233 2035 desideratur.

446 2092 586 2156 XXIX.
610 2092 691 2179 Ipsa
715 2092 752 2157 in
776 2114 872 2158 suam
897 2093 1127 2160 substantiam
1156 2092 1244 2158 nihil
1274 2094 1500 2160 convertibile

357 2217 532 2299 absorbet,
552 2240 663 2303 neque
682 2218 810 2283 etenim
829 2226 881 2283 est
900 2218 1184 2304 augmentabilis,
1204 2242 1316 2305 neque
1336 2219 1499 2285 diminui·

295 2346 336 2410 15
359 2343 455 2425 bilis;
471 2342 559 2409 nihil
576 2343 668 2408 enim
688 2342 850 2409 advenire
869 2352 992 2431 potest,
1010 2342 1103 2429 quod
1119 2344 1164 2409 ait
1181 2344 1233 2410 illi
1249 2345 1428 2432 proprium
1445 2344 1499 2411 vel

360 2468 625 2557 appropriabile.

448 2594 569 2659 XXX.
593 2595 674 2681 Ipsa
697 2616 758 2681 per
781 2592 892 2658 lucem
917 2592 1050 2676 finitur,
1080 2593 1263 2679 formatur,
1293 2595 1501 2661 terminatur

360 2744 431 2788 non
455 2720 626 2803 absolute,
645 2719 705 2784 sed
724 2717 767 2784 ad
791 2718 881 2784 hano
905 2719 959 2783 vel
984 2718 1079 2784 illam
1104 2719 1261 2806 speciem.
1287 2719 1384 2784 Sicut
1408 2719 1500 2784 enim

361 2845 471 2912 Chaos
490 2853 542 2911 est
561 2866 668 2910 unum
693 2845 895 2909 continuum
916 2844 1100 2928 infinitum,
1119 2845 1200 2911 licet
1221 2844 1373 2930 undique
1392 2844 1502 2909 diver-

296 2980 340 3044 20
362 2971 491 3037 simode
510 2971 666 3056 plenum,
678 2976 712 3035 et
729 2993 769 3034 ea
788 2969 966 3034 contineat
979 2992 1066 3054 qnae
1081 2992 1152 3035 non
1171 2976 1252 3035 sunt
1272 2992 1379 3035 unum
1399 2977 1503 3054 atque

362 3096 579 3178 continuum,
605 3096 654 3161 ita
677 3095 814 3174 umbra;
840 3102 875 3159 et
898 3094 975 3159 ideo
999 3094 1199 3159 universum
1218 3093 1364 3179 attingit
1390 3093 1502 3159 infini-

362 3229 437 3289 tum
464 3229 499 3288 et
527 3243 588 3308 per
616 3220 866 3306 amplissimum
891 3219 1004 3306 ipsum
1029 3219 1240 3300 extenditur,
1265 3220 1347 3284 lieet
1372 3226 1503 3305 quanto

363 3346 473 3433 magis
489 3345 644 3411 ascendit
660 3367 778 3410 versus
797 3344 883 3409 lucis
903 3344 1081 3430 regionem
1101 3343 1335 3410 insensibilior
1355 3344 1411 3426 sit,
1430 3367 1504 3409 sen-

363 3471 563 3538 sibilissima
585 3491 667 3536 vero
692 3469 729 3534 in
752 3469 870 3533 infimo
895 3475 1039 3534 naturae
1068 3469 1191 3555 gradu,
1217 3470 1307 3535 sicut
1335 3493 1353 3534 e
1383 3477 1503 3535 contra

297 3602 340 3666 25
363 3597 439 3681 lux3
463 3620 634 3684 nusquam
658 3603 774 3661 tamen
798 3595 908 3677 abest,
934 3595 1015 3681 qnia
1039 3596 1127 3660 nihil
1151 3605 1201 3661 est
1226 3596 1317 3682 qnod
1342 3620 1504 3663 essenon

364 3723 487 3812 possit,
513 3722 604 3809 quod
627 3744 697 3788 non
721 3721 766 3786 sit
795 3721 971 3807 possibile,
1000 3731 1138 3808 praeter
1171 3723 1282 3809 ipsam
1312 3723 1505 3788 absolutam

365 3847 603 3914 necessitatem
629 3854 663 3911 et
688 3845 958 3911 inaccessibilem
978 3847 1101 3929 lucem,
1123 3870 1210 3933 quae
1230 3855 1327 3912 extra
1347 3854 1381 3912 et
1401 3870 1506 3935 snpra

365 3996 501 4040 omnem
520 3972 735 4038 intellectum
755 3981 858 4057 atque
878 3995 1014 4039 sensum
1034 3980 1107 4038 tcta
1128 3982 1179 4038 est
1199 3974 1339 4060 ubique,
1358 3974 1413 4039 cui
1432 3972 1508 4038 nul-

457 4262 473 4311 4
490 4261 675 4320 Iohann.1,5
738 4262 753 4310 5
771 4260 906 4310 tenebrae
918 4262 978 4321 (ont.
996 4259 1087 4324 ipsum
1104 4263 1175 4321 non)
1193 4258 1462 4324 approchenderunt
1478 4258 1509 4307 M

364 4342 735 4409 8inquamquiaturpeA¹
802 4342 830 4391 14
848 4341 865 4390 l.
880 4341 1075 4390 domiuuibilis
1138 4340 1358 4390 20continetrl1
1419 4341 1449 4389 21
1466 4340 1508 4389 ita

367 4493 452 4530 orcus
469 4477 570 4527 umbra
591 4477 688 4540 (orcus
699 4474 712 4524 ὲ
725 4474 879 4539 caracallam)
892 4475 926 4525 A:
943 4473 984 4525 ita
998 4490 1096 4538 orcus,
1108 4475 1149 4526 ita
1161 4475 1261 4524 umbra
1272 4473 1303 4523 M
1365 4425 1429 4524 idid
1441 4472 1472 4522 M
