3488 5108
668 430 797 476 inuras
817 428 977 476 uniamus
1000 427 1205 475 criminun.
1441 413 1506 479 ,169

364 587 401 655 in
420 587 540 655 ecdem
558 608 695 674 genere;
715 584 807 652 unde
826 585 1078 652 contrariorum
1093 583 1273 673 proprium
1289 589 1341 650 est
1360 583 1507 650 alterum

364 712 408 779 ab
438 713 547 779 altero
575 713 724 779 maxime
754 733 827 778 esse
855 718 1037 792 semotum,
1070 733 1214 797 quorum
1243 709 1313 775 alia
1340 715 1507 777 suntme·

364 838 472 924 dicta,
484 837 554 905 alia
566 846 648 905 sunt
664 837 879 904 immediata:
896 837 1097 904 immediata
1112 844 1153 903 ut
1168 858 1290 904 sanum
1305 841 1340 902 et
1356 857 1507 924 aegrum,

364 963 513 1031 mediata
532 970 572 1031 ut
590 964 708 1030 album
728 972 763 1030 et
782 964 931 1051 nigrum.
960 963 1002 1030 In
1032 963 1126 1030 omni
1155 984 1280 1049 genere
1307 960 1393 1028 haec
1419 960 1508 1028 ratio

319 1089 621 1158 bocntrarietatis
651 1089 841 1178 reperitur,
877 1089 951 1156 sive
990 1088 1185 1156 substantia
1221 1086 1308 1154 illud
1342 1087 1407 1171 sit,
1436 1087 1509 1153 sive

364 1215 535 1301 accidens3
563 1216 720 1303 alioquin
739 1215 919 1305 proprium
939 1215 1118 1302 qualitatis
1137 1213 1266 1282 dicitur
1295 1213 1508 1281 contrarium

365 1342 546 1430 suscipere.

451 1467 497 1533 ΙΙ.
523 1467 746 1534 Contrarium
776 1473 828 1533 est
858 1465 951 1552 quod
970 1465 1167 1553 ingratum,
1187 1463 1429 1547 iniucundum,
1455 1464 1508 1530 in·

363 1614 482 1676 suave,
503 1592 596 1680 quod
613 1599 666 1658 est
684 1592 739 1658 vel
760 1592 942 1678 quievere
967 1592 1022 1660 vel
1047 1590 1128 1678 quia
1152 1590 1362 1679 apparenter
1378 1590 1508 1656 malum

300 1727 342 1790 10
363 1717 586 1805 persentitur.

453 1842 517 1908 ΙΠ.
537 1843 600 1908 Est
620 1843 846 1927 contrarium,
867 1842 959 1929 quod
977 1841 1198 1910 formidinem
1217 1840 1346 1908 incutit
1364 1841 1419 1906 vel
1439 1861 1509 1905 me·

364 1976 439 2037 tum
458 1968 563 2036 alicui
581 1969 746 2036 subiecto.

378 2111 383 2123 ·
452 2094 511 2160 IV.
539 2093 638 2174 Quod
656 2093 844 2179 refutatur,
873 2093 1087 2182 repudiatur,
1119 2093 1319 2178 refutabile,
1349 2090 1507 2180 repudia

363 2218 434 2286 bile
452 2226 513 2285 est.

300 2353 340 2415 lb
452 2345 493 2411 V.
519 2344 695 2412 Evitabile
713 2343 770 2411 vel
793 2344 1009 2427 evitandum,
1037 2350 1160 2432 utpote
1189 2344 1282 2431 quod
1309 2344 1530 2445 oppositumv

363 2470 495 2558 refugit
513 2470 570 2537 vel
588 2470 631 2536 ab
653 2470 812 2557 opposito
832 2468 990 2536 elidatur.

453 2597 511 2664 VI.
526 2596 625 2675 Quod
637 2595 833 2663 excluditur
845 2603 879 2662 et
892 2596 1122 2682 abominatur,
1133 2595 1307 2680 obiicitur,
1319 2592 1507 2683 repellitur.

452 2724 530 2789 VII.
555 2721 655 2802 Quod
673 2721 873 2807 insidiatur,
895 2724 984 2790 male
1002 2723 1145 2790 molitur
1161 2728 1196 2787 et
1215 2721 1444 2788 machinatur.

452 2850 550 2916 VIII.
575 2847 674 2928 Quod
693 2848 841 2933 obsidet,
862 2856 1016 2915 coarctat
1035 2855 1069 2914 et
1088 2846 1245 2915 contrahi
1264 2845 1359 2914 facit.

452 2974 518 3040 IX.
545 2973 643 3052 Quod
662 2979 860 3061 oppugnat,
880 2974 1027 3059 militat,
1047 2973 1222 3060 agonizat,
1243 2971 1442 3060 praeliatur.

451 3102 497 3167 X.
522 3099 621 3179 Quod
641 3107 692 3166 est
711 3122 884 3185 amarum,
904 3123 1078 3187 asperum,
1098 3123 1189 3185 acre,
1209 3106 1317 3166 atrox.

449 3226 513 3293 XI.
540 3225 639 3306 Quod
658 3226 847 3310 excruciat,
866 3234 1015 3313 torquet.

450 3352 533 3418 XII.
558 3350 657 3430 Quod
690 3351 855 3437 instigat,
887 3351 1039 3419 concitat
1066 3357 1101 3417 et
1129 3351 1407 3437 indignationem
1431 3370 1506 3435 pro·

362 3485 463 3544 vocat
482 3483 517 3543 et
535 3477 718 3563 inquietat.

295 3605 338 3669 25
451 3603 553 3669 XIII.
579 3602 679 3682 Quod
697 3602 905 3688 recalcitrat,
925 3603 1067 3686 resistit,
1089 3609 1210 3669 contra
1234 3601 1370 3667 nititur.

451 3730 548 3795 XIV.
575 3727 674 3807 Quod
691 3735 829 3815 gravat,
847 3729 1029 3816 ponderat,
1050 3728 1187 3817 premit.

450 3855 529 3920 XV.
554 3853 654 3931 Quod
672 3852 821 3919 invitum
840 3854 967 3937 trahit,
988 3854 1096 3938 ducit,
1117 3861 1241 3919 movet.

450 3980 546 4046 XVI.
571 3978 671 4059 Quod
706 3978 870 4066 impedit,
899 3981 1025 4068 repetit
1064 3987 1098 4045 et
1136 3981 1246 4046 veluti
1281 3979 1504 4067 compedibus

362 4105 560 4193 obstringit.

454 4346 776 4414 bestquiavelverbtt
825 4349 854 4399 11
872 4348 1056 4400 formidinem
1069 4349 1103 4400 Μ
1109 4366 1114 4399 :
1129 4346 1338 4401 contrariumA
1389 4349 1420 4399 16
1431 4348 1508 4399 refu-

361 4428 443 4493 giat?
457 4431 557 4494 oj‘orse
570 4428 697 4480 evitatur
712 4431 773 4493 (per
784 4428 920 4495 elidatur)
935 4445 983 4480 ccc
996 4430 1026 4481 Μ
1031 4431 1045 4480 5
1108 4432 1139 4482 19
1155 4430 1269 4481 obsidet
1280 4428 1313 4479 M
1316 4446 1322 4480 :
1339 4428 1469 4480 obstinet
1481 4429 1505 4477 A

362 4511 394 4562 23
408 4515 437 4562 et
446 4511 503 4571 (in)
512 4509 740 4574 indignationem
750 4509 781 4560 Μ
827 4511 859 4562 28
871 4511 978 4578 repetit
988 4511 1047 4578 (cic)
1057 4510 1095 4563 A:
1108 4510 1310 4580 praevenitM:
1319 4510 1346 4575 s.
1357 4508 1508 4575 reprimit?

496 4604 587 4654 Bucar,
605 4605 658 4656 Opp.
676 4606 715 4644 lat.
731 4604 774 4645 111.
1319 4602 1346 4644 22
