3488 5108
308 361 366 418 542
748 377 887 422 rounam
908 375 1009 421 unvru

308 529 461 606 Quorum
480 532 613 618 primus
637 540 689 597 est
706 531 759 616 Q),
780 532 948 598 secundus
966 531 999 616 ἓ,
1019 532 1143 598 tertius
1168 531 1214 616 Q,
1236 540 1381 619 quartus
1400 532 1453 618 Θ,

307 656 449 740 quintus
463 659 509 741 (ἶ,
523 665 639 724 sextus
653 658 697 744 Ol,
709 659 876 746 septimus
893 657 934 738 ὴ.
946 658 1157 724 Alternatim
1169 658 1321 724 succedit
1334 681 1456 726 eorum

307 781 389 847 ordo
414 781 451 846 in
475 783 623 849 secundo
643 783 772 849 circulo
791 785 833 864 B,
856 789 896 848 ut
914 782 1027 869 posito
1046 783 1158 870 primo
1178 784 1396 850 dominatore
1414 784 1455 866 Q)

307 905 427 995 relicto
451 906 470 985 ‘d
495 907 647 973 succedit
668 911 704 985 ff
724 906 887 991 secundo,
909 914 943 972 et
962 907 1013 973 ita
1033 906 1203 996 deinceps
1229 909 1275 973 Et
1293 908 1351 974 hic
1369 907 1455 974 ordo

263 1034 284 1097 5
307 1038 359 1096 est
378 1033 588 1099 necessarius
607 1040 642 1098 et
667 1032 863 1098 ordinarius
881 1037 916 1098 et
934 1032 1036 1098 valde
1059 1032 1166 1119 vulgo
1191 1033 1397 1099 manifestus
1417 1033 1456 1098 in

307 1156 444 1240 effectu,
465 1158 502 1224 in
521 1182 623 1224 causa
643 1182 724 1226 vero
749 1159 954 1225 manifestus
974 1165 1026 1224 est
1047 1159 1052 1247 Ι
1073 1159 1291 1246 sapientibus
1310 1166 1345 1224 ct
1369 1158 1455 1247 ipsis
1481 1159 1577 1223 48‘

308 1284 598 1366 numeratoribus,
621 1284 702 1370 quia
730 1284 840 1350 diviso
865 1284 920 1349 die
948 1284 986 1349 in
1010 1283 1191 1350 duodecim
1217 1290 1333 1371 partes
1365 1284 1459 1348 etin

308 1407 452 1472 totidem
473 1408 584 1474 divisa
603 1416 719 1492 nocte,
740 1432 887 1494 quarum
907 1410 1061 1495 singulas
1082 1410 1217 1496 singuli
1235 1410 1457 1498 planetarum

308 1540 439 1620 septem
467 1534 564 1599 iuxta
588 1534 743 1600 ordinem
762 1535 865 1622 primi
887 1535 1007 1600 circuli
1030 1536 1241 1624 suscipiunt,
1263 1535 1458 1602 necessario

244 1657 286 1719 10
309 1657 445 1722 eveniet
468 1667 508 1723 ut
535 1659 618 1725 ordo
642 1658 789 1725 dominii
818 1661 951 1725 dierum
970 1660 1016 1726 sit
1044 1661 1143 1726 iuxta
1164 1661 1286 1727 seriem
1313 1659 1457 1727 secundi

308 1783 438 1849 circuli.

396 1909 443 1973 Et
470 1908 553 1974 haec
582 1909 817 1977 denominatio
846 1918 881 1976 et
900 1910 983 1977 ordo
1016 1912 1206 1999 aplanetis
1237 1934 1297 1977 seu
1320 1917 1453 1999 septem

307 2033 524 2122 principibus
552 2043 604 2101 est
633 2037 733 2101 valde
755 2037 805 2101 rei
825 2044 859 2101 et
889 2036 1018 2103 rationi
1037 2059 1196 2103 consona.
1217 2036 1455 2124 Experiuntur

308 2160 400 2225 enim
431 2167 627 2247 operatores
657 2160 750 2245 quod
773 2183 815 2226 ex
845 2183 964 2227 eorum
993 2168 1187 2249 temporum
1213 2160 1455 2227 observatione

244 2290 285 2352 lc
308 2308 362 2351 res
390 2285 528 2373 proprie
561 2285 732 2352 dictorum
755 2288 974 2374 planetarum
996 2286 1237 2376 perficiuntur,
1261 2294 1301 2353 ut
1331 2287 1395 2352 sub
1422 2285 1449 2364 Ω

310 2435 396 2498 quae
420 2413 464 2478 ad
492 2414 699 2498 orationem,
724 2439 885 2498 amorem,
912 2439 1052 2503 pacem3
1078 2417 1141 2482 sub
1160 2405 1202 2494 §¹⁰
1231 2438 1317 2501 quae
1335 2414 1380 2480 ad
1398 2415 1456 2480 dc·

310 2538 515 2625 ceptionem,
550 2540 718 2624 fraudem,
751 2542 899 2625 furtum;
934 2542 998 2608 sub
1024 2543 1060 2618 (d
1090 2564 1178 2628 quae
1212 2541 1256 2607 ad
1288 2539 1386 2606 litem
1420 2547 1457 2605 et

310 2666 442 2749 odium;
471 2667 579 2734 etita
602 2668 644 2733 de
671 2668 761 2752 aliis,
790 2690 938 2753 quorum
968 2666 1152 2734 facultates
1180 2674 1262 2735 sunt
1288 2667 1455 2752 vulgatae

311 2799 345 2857 et
364 2794 539 2879 probatae.

245 2923 288 2985 20
399 2919 471 2983 Alii
490 2919 619 3004 viginti
639 2927 786 3004 quatuor
805 2920 899 2984 horis
918 2921 987 2985 diei
1006 2921 1137 3007 viginti
1158 2928 1306 3006 quatuor
1331 2920 1459 2985 adscri-

313 3045 400 3110 bunt
428 3045 580 3110 diversos
604 3045 789 3132 praesides²
812 3068 957 3129 quorum
978 3047 1120 3111 nomina
1144 3056 1227 3112 suut
1257 3047 1293 3111 in
1323 3046 1459 3133 prima

312 3171 471 3256 magiae
505 3178 640 3257 parte,
673 3194 760 3256 quac
789 3171 906 3257 potius
939 3173 981 3236 ad
1017 3174 1294 3259 superstitiosum
1325 3169 1460 3256 aliquid

319 3319 421 3381 quam
441 3297 483 3361 ud
502 3297 684 3383 physicum
703 3298 897 3382 negotium,
919 3298 1010 3383 quod
1033 3321 1095 3363 uos
1120 3298 1328 3383 inquirimus
1348 3306 1382 3362 et
1403 3321 1460 3362 cu-

313 3445 441 3506 ramus,
465 3422 624 3508 pertinet.

247 3557 290 3619 25
402 3549 458 3613 Ad
487 3550 645 3636 planetas
676 3548 760 3613 istos
780 3549 957 3635 pertinent
987 3549 1113 3634 reliqui
1133 3549 1238 3614 ctiam
1264 3572 1375 3634 casm,
1396 3550 1458 3635 qui

314 3681 395 3741 sunt
414 3675 505 3739 circa
528 3675 621 3740 vitae
640 3675 808 3739 humanae
841 3674 1049 3758 accidentia,
1070 3681 1110 3738 ut
1135 3675 1386 3760 aegritudines²
1408 3698 1461 3740 sa-

407 3985 422 4032 2
440 3980 465 4030 iu
481 3999 567 4047 uturp.
584 3984 789 4047 respondentes
803 3985 928 4033 secundo
943 3984 1041 4033 ordino
1057 3980 1116 4048 (xic)
1132 3992 1164 4032 ut
1181 3991 1318 4048 apparent
1331 3984 1361 4034 in
1374 3984 1458 4034 lineis

316 4063 351 4112 ab
365 4078 422 4112 uno
436 4064 550 4128 plancta
564 4065 599 4112 ad
613 4064 735 4112 alterum
749 4064 910 4127 productis,
922 4063 962 4113 ita
976 4069 1009 4112 ut
1023 4064 1050 4113 in
1062 4065 1160 4114 eodem
1172 4065 1280 4114 circulo
1290 4081 1341 4130 per
1353 4080 1459 4129 gyrum

316 4145 420 4193 habeus
434 4145 562 4194 ordinem
576 4144 685 4193 diorum
701 4145 896 4207 dominorum,
911 4160 960 4208 per
974 4150 1084 4194 rectum
1103 4161 1171 4195 voro
1189 4146 1317 4195 ordinem
1333 4146 1461 4196 domino-

315 4294 378 4327 rum
395 4279 538 4327 horurum.
565 4278 597 4326 Μ
674 4277 910 4338 4ctito1relict
936 4285 964 4326 et
993 4276 1035 4328 itu
1052 4278 1082 4327 M
1089 4281 1094 4312 ¹
1176 4281 1227 4330 ῖ.8
1244 4230 1411 4330 etilotidem
1429 4280 1460 4329 Μ

316 4360 347 4408 20
361 4358 419 4409 Alii
438 4359 478 4423 (22
495 4359 650 4417 cancellato)
668 4359 699 4407 24
716 4358 795 4408 horis
808 4359 864 4408 diei
877 4359 909 4408 24
921 4359 1084 4410 asscribunt
1094 4359 1124 4408 Μ
1178 4361 1218 4409 21.
1228 4361 1260 4410 ‘22
1273 4362 1308 4426 cf.
1318 4378 1350 4426 p.
1367 4362 1459 4422 rau&

315 4441 353 4489 23.
365 4442 395 4489 ¹24
413 4446 441 4490 ot
456 4459 471 4486 a
487 4459 502 4488 a
518 4459 533 4487 a
550 4459 564 4486 a
581 4454 715 4490 curamus
728 4440 758 4489 Μ
766 4441 772 4474 ¹
