3488 5108
503 440 592 485 uram
613 440 824 487 vursroosvu
844 442 1060 489 immoratis
1080 444 1273 490 marsuam.
1398 430 1457 490 389

315 591 416 658 molle
435 601 487 660 est
504 594 660 678 fissibile,
680 595 739 661 sed
759 619 829 663 non
851 597 968 662 omnia
988 596 1074 663 dura
1094 604 1176 664 sunt
1199 597 1373 680 fissibilia,
1395 596 1454 663 sed

314 739 402 802 quae
424 717 565 785 humida
589 728 670 786 sunt
694 729 729 786 et
760 743 830 787 non
858 722 1102 808 impressibilia
1130 731 1165 788 et
1188 744 1259 788 non
1282 721 1456 806 friabilia3

313 841 397 908 haec
413 852 529 912 autem
544 856 638 929 sunt,
655 868 744 933 quae
758 845 887 912 habent
907 856 1039 913 meatus
1056 846 1095 912 in
1109 848 1260 933 longum.
1281 847 1370 913 item
1387 848 1456 913 alia

312 975 394 1036 sunt
424 970 600 1055 secabilia,
631 971 700 1039 alia
729 979 812 1040 sunt
840 971 1062 1040 insecabilia:
1093 972 1257 1039 secabilia
1284 980 1366 1039 sunt
1396 996 1456 1038 seu

267 1090 397 1161 adura
420 1116 480 1160 seu
504 1095 636 1179 mollia,
657 1119 744 1183 quae
769 1096 881 1164 divisa
912 1119 982 1164 non
1002 1097 1293 1164 comminuuntur.
1321 1097 1454 1163 Horum

312 1240 392 1285 vero
415 1220 484 1287 alia
507 1229 589 1287 sunt
612 1223 774 1289 secabilia
797 1230 832 1288 et
855 1223 1025 1307 fissibilia,
1052 1231 1091 1289 ut
1114 1224 1264 1311 lignum,
1286 1224 1377 1309 quod
1400 1232 1453 1290 est

311 1344 415 1410 fissile
433 1345 620 1414 secundum
639 1347 909 1435 longitudinem,
929 1348 1076 1416 secabile
1092 1348 1279 1416 secundum
1297 1347 1453 1415 latitudi-

309 1491 398 1536 nem.
414 1469 496 1537 Alia
509 1478 592 1539 sunt
607 1472 750 1556 viscosa,
768 1472 922 1539 alienon
937 1473 1089 1540 viscosa:
1105 1473 1238 1540 viscosa
1254 1479 1349 1557 sunt,
1365 1495 1453 1559 quae

308 1593 360 1660 ita
382 1594 501 1662 mollia
524 1605 624 1681 sunt,
643 1604 684 1663 ut
706 1597 799 1665 trahi
822 1597 957 1685 possint
975 1598 1185 1665 consistente
1208 1598 1453 1686 agglutinante

115 1813 119 1824 ι
243 1720 286 1784 10
307 1717 467 1805 humido;
485 1743 572 1808 quae
588 1743 658 1788 non
674 1731 755 1789 sunt
769 1722 975 1807 huiusmodi,
990 1723 1155 1790 dicuntur
1173 1722 1323 1809 fragilia.
1345 1725 1349 1812 1
1371 1723 1451 1791 Alia
1477 1730 1615 1794 55⁹0

308 1847 596 1929 commassabilia,
614 1870 738 1935 nempe
757 1870 844 1935 quae
863 1856 945 1915 sunt
960 1848 1158 1937 pressibilia
1180 1848 1229 1914 ita
1254 1858 1293 1916 ut
1312 1857 1451 1916 maneat

307 1992 426 2037 eorum
449 1973 670 2060 compressiO,
694 1982 734 2041 ut
757 1981 875 2062 pasta,
900 1975 969 2041 alia
999 1974 1329 2058 incommassabilia,
1362 1998 1450 2061 quae

307 2118 377 2164 non
396 2107 592 2165 manentem
611 2098 741 2167 habent
764 2101 1065 2188 compressionem,
1094 2107 1133 2166 ut
1155 2100 1245 2166 lana.
1267 2101 1346 2166 Alia
1363 2123 1451 2167 com·

306 2225 500 2308 bustibilia,
532 2250 655 2315 nempe
683 2249 771 2313 quae
800 2227 929 2294 habent
952 2235 1085 2295 meatus
1114 2227 1328 2315 susceptivos
1356 2228 1449 2314 iguis

241 2358 282 2421 15
306 2356 367 2417 aut
385 2349 629 2419 humiditatem
647 2352 685 2418 in
704 2352 875 2420 meatibus
894 2353 975 2440 igne
993 2353 1209 2435 debiliorem,
1225 2360 1265 2418 ut
1280 2352 1375 2436 lana,
1394 2376 1447 2437 cs,

304 2474 459 2562 lignum;
480 2498 568 2563 quae
585 2498 668 2544 vero
691 2476 821 2544 habent
843 2477 1085 2544 humiditatem
1105 2477 1298 2560 fortiorem,
1318 2485 1356 2542 ut
1377 2476 1449 2564 gla

305 2599 374 2667 cies
392 2607 427 2666 et
443 2600 542 2668 valde
566 2600 708 2685 viridia,
728 2610 788 2668 aut
804 2613 937 2669 meatus
955 2623 1025 2668 non
1046 2601 1258 2689 susceptivos
1278 2601 1386 2688 ignis,
1407 2609 1447 2668 ut

304 2724 459 2812 adamas,
478 2726 788 2816 (incombustibilia
816 2725 920 2813 sunt).
950 2726 1217 2794 Combustibilia
1242 2727 1326 2792 item
1350 2734 1446 2811 sunt,

304 2873 449 2938 quorum
466 2874 608 2938 corpora
628 2851 664 2917 in
679 2851 828 2917 cinerem
845 2850 1082 2918 dissolvuntur
1098 2859 1158 2918 aut
1174 2851 1445 2937 inflammantur,

236 2979 281 3043 20
303 2984 342 3042 ut
361 2975 435 3064 pix,
455 2977 576 3060 oleum,
595 2984 657 3042 aut
676 2976 923 3058 carbonantur,
941 2984 980 3043 ut
999 2977 1113 3063 ligua;
1134 2976 1201 3042 alia
1220 2974 1444 3057 exhalabilia,

303 3124 425 3189 nempe
441 3125 530 3186 quae
549 3101 678 3166 habent
694 3101 799 3167 talem
815 3102 1071 3183 humiditatem,
1093 3125 1179 3188 quae
1197 3125 1216 3167 a
1231 3101 1343 3167 calido
1360 3123 1447 3167 com·

304 3227 440 3293 bustivo
464 3227 630 3294 inseram
651 3226 888 3293 dissolvuntur
906 3236 941 3292 et
960 3249 1107 3313 quorum
1126 3227 1311 3314 spirituum
1331 3248 1446 3291 exore-

264 3329 269 3337 ⁵
302 3352 351 3416 tio
369 3360 511 3438 propter
529 3350 772 3418 humiditatem
789 3360 840 3417 est
860 3351 1099 3418 madefactiva.
1119 3351 1304 3418 Exhalatio
1328 3359 1446 3416 autem

300 3482 353 3543 est
375 3475 466 3542 ustio
486 3499 564 3543 cum
581 3477 775 3542 excretione
794 3475 875 3542 sicci
899 3484 934 3541 et
957 3476 1091 3542 humidi
1110 3477 1213 3542 simul
1235 3476 1364 3542 virtute
1393 3498 1446 3541 ca·

234 3602 277 3666 ‘25
300 3599 378 3683 lidi3
399 3623 478 3667 cum
496 3625 577 3669 vero
601 3601 735 3668 humidi
760 3610 897 3668 tantum
925 3602 965 3666 fit
991 3602 1155 3685 excretio,
1182 3601 1296 3689 potius
1320 3623 1443 3688 evapo-

299 3727 389 3794 ratio
408 3726 542 3794 dicitur.

392 4027 424 4076 18
440 4026 685 4077 incombustibilia
697 4034 767 4079 suut
781 4029 826 4092 (rs.
842 4027 891 4077 Ar.
904 4045 935 4091 p.
950 4027 1017 4076 387«
1033 4028 1077 4090 22)
1093 4027 1204 4078 stolata:
1220 4043 1268 4077 cnr.
1287 4029 1309 4079 t'
