3488 5108
357 413 416 472 618
798 427 938 472 ioanuru
960 427 1062 472 anvur

356 591 488 649 motum
503 583 662 669 plenum,
677 581 835 668 longum,
849 580 1004 664 mollem,
1020 581 1204 648 habentem
1220 582 1388 668 angulum
1402 580 1513 648 obtu-

357 732 445 792 sum,
465 709 606 795 plenum
631 714 710 788 etc,
731 716 771 772 ut
793 714 891 793 patet
910 707 948 772 in
972 729 1044 794 cap.
1064 707 1121 773 De
1151 707 1272 794 pulsu
1298 707 1513 793 phlegma-

357 838 420 902 tis.
446 837 493 900 Et
511 835 602 902 ratio
627 835 729 915 huius
751 842 815 918 cst,
841 835 924 921 quia
948 844 1007 902 a'e'r
1031 844 1082 902 est
1105 835 1307 924 impletivus
1327 843 1362 903 et
1388 834 1512 902 mollis

357 971 477 1028 contra
496 962 661 1027 duritiem
676 968 805 1045 terrae,
825 970 859 1027 et
879 970 931 1028 est
950 962 1071 1029 tardus
1088 971 1247 1049 respectu
1263 970 1376 1029 motus
1392 963 1433 1028 in
1451 985 1512 1048 ge·

312 1089 447 1153 tinere.
467 1089 512 1153 Et
532 1087 561 1153 si
580 1094 632 1153 est
651 1087 861 1174 compositus
885 1088 1049 1175 expulsu
1080 1088 1267 1171 tertianae,
1299 1088 1340 1153 de
1369 1111 1405 1154 sa
1431 1088 1513 1175 ipso

357 1235 427 1278 non
462 1222 515 1278 est
548 1213 677 1279 bonum
707 1213 847 1299 signum
877 1237 991 1300 neque
1020 1214 1169 1297 malum;
1199 1221 1317 1280 tamen
1346 1214 1376 1280 si
1399 1213 1512 1280 nimis

309 1313 312 1318 ¹
358 1338 470 1404 tendit
488 1339 530 1404 ad
547 1340 832 1426 compositionem
853 1340 944 1426 ignis
964 1347 999 1406 et
1015 1347 1135 1424 terrae,
1153 1341 1281 1406 malum
1298 1347 1349 1406 est
1365 1341 1514 1426 signum

358 1464 493 1530 ratione
507 1464 741 1530 abundantiae
758 1473 792 1530 et
809 1464 1074 1532 concordantiae
1087 1465 1178 1533 inter
1194 1468 1310 1553 ignem
1326 1474 1361 1533 et
1376 1473 1513 1534 terram

359 1595 482 1656 contra
502 1590 639 1656 domum
658 1591 734 1657 DH.

300 1783 338 1847 lO
728 1801 761 1840 Dc
775 1800 843 1850 pulsu
858 1798 1017 1849 phlegmatica.
1033 1797 1088 1848 Cap.
1105 1798 1146 1839 ⁸¹¹¹.

449 1946 572 2012 Pulsus
609 1946 818 2033 phlegmatis
850 1948 956 2014 habet
989 1948 1067 2013 illas
1101 1947 1259 2033 regiones
1288 1970 1371 2034 quas
1401 1947 1517 2013 habet

358 2073 534 2160 phlegma,
556 2080 590 2137 et
609 2080 661 2138 est
680 2072 799 2139 tardus
817 2074 952 2140 ratione
971 2073 1155 2158 gravitatis
1179 2095 1289 2158 aquae
1318 2080 1353 2139 et
1380 2080 1515 2159 terrae,

362 2206 472 2263 otest
497 2199 621 2284 plenus
650 2198 731 2282 quia
755 2199 918 2284 phlegma
945 2197 1127 2263 humidum
1151 2205 1221 2280 est,
1244 2206 1279 2262 et
1298 2205 1350 2263 est
1368 2197 1518 2283 gracilis

361 2322 443 2408 quia
462 2345 552 2409 aqua
571 2324 768 2388 restrictiva
786 2331 846 2406 est,
868 2332 902 2389 et
921 2322 1005 2389 facit
1024 2324 1191 2411 angulum
1206 2322 1367 2389 obtusum
1382 2330 1416 2388 et
1436 2323 1519 2389 lon·

297 2451 338 2513 15
361 2470 445 2534 gum
464 2454 586 2513 contra
604 2449 770 2532 angulum
789 2449 909 2535 pulsus
929 2448 1084 2515 cholerae
1103 2469 1143 2514 eo
1162 2450 1243 2534 quia
1259 2469 1348 2534 aqna
1367 2456 1418 2513 est
1436 2469 1521 2515 con·

360 2580 416 2639 tra
432 2575 558 2658 ignem.

736 2808 771 2847 De
786 2808 852 2858 pulsu
867 2812 1001 2856 quartanae.
1021 2807 1076 2858 cip.
1092 2807 1153 2848 lxm,

453 2965 580 3031 Pulsus
609 2972 813 3050 quartanae,
838 2987 924 3048 quae
951 2970 1002 3028 est
1026 2963 1067 3028 de
1090 2985 1215 3049 genere
1247 2960 1517 3046 melancholiae,

361 3091 465 3155 hahet
488 3098 543 3155 tot
561 3090 720 3176 regiones
739 3097 823 3175 quot
842 3089 946 3154 habet
962 3087 1069 3153 febris
1089 3087 1268 3168 continua,
1296 3086 1378 3171 quia
1406 3085 1515 3151 durat

296 3216 340 3277 20
363 3239 443 3281 suus
463 3222 587 3296 motum
602 3224 635 3280 et
656 3223 707 3280 est
718 3215 858 3301 gracilis
875 3238 935 3301 per
956 3236 1092 3299 aquam,
1108 3219 1141 3276 et
1161 3214 1287 3297 longus
1304 3235 1365 3299 per
1382 3220 1512 3277 terram
1546 3216 1678 3277 1⁹75r

363 3363 450 3425 quae
475 3347 526 3405 est
549 3341 749 3405 enervativa
768 3339 983 3405 infundendo
1007 3361 1104 3404 suam
1128 3338 1321 3402 siccitatem
1351 3337 1441 3422 igni,
1474 3346 1517 3402 ut

362 3466 489 3531 habeat
517 3466 698 3531 materiam
719 3489 796 3530 cum
822 3487 888 3549 qua
913 3465 957 3529 sit
982 3463 1163 3529 cliffusivus
1183 3468 1217 3526 et
1242 3461 1515 3548 disgregativus3

363 3598 397 3654 et
417 3614 498 3655 suus
519 3592 667 3676 angulus
687 3599 738 3655 est
758 3591 901 3654 obtusus
920 3597 954 3653 et
974 3589 1088 3654 durus
1109 3589 1155 3652 Et
1178 3611 1240 3674 per
1258 3586 1436 3674 praedicta
1455 3610 1517 3672 po·

363 3723 431 3781 test
453 3717 578 3781 habere
598 3716 759 3781 notitiam
781 3716 931 3780 medicus
951 3715 993 3779 de
1011 3715 1113 3801 pulsu
1133 3713 1283 3800 simplici
1301 3713 1356 3778 vel
1375 3734 1514 3800 compo-

297 3853 340 3916 25
365 3843 446 3925 sito,
473 3842 651 3929 supposito
678 3850 793 3907 tamen
820 3842 910 3927 quod
935 3842 1061 3906 habeat
1084 3839 1246 3904 notitiam
1270 3839 1312 3904 (lc
1335 3840 1513 3922 omnibus,

364 3968 553 4034 secundum
584 3968 675 4053 quod
705 3968 742 4032 in
773 3967 924 4054 capitulo
949 3966 1264 4031 circulationum
1298 3965 1339 4029 in
1373 3963 1514 4050 figura

363 4094 592 4158 medicinae
621 4093 831 4158 dictumest.

457 4310 507 4358 2.3
524 4308 661 4371 Phlegma
682 4309 711 4358 X
718 4311 723 4343 ¹
740 4309 774 4372 (7)
843 4309 871 4357 10
890 4309 1085 4373 Phlegmatico
1108 4323 1179 4358 corr.
1203 4308 1231 4359 X
1241 4325 1247 4358 :
1271 4308 1448 4372 Phlcgmatis
1471 4309 1512 4358 Χι

364 4391 394 4439 18
413 4390 578 4440 malccoliao
592 4389 621 4440 X
681 4390 712 4439 26
729 4390 763 4452 cf.
776 4392 942 4453 p.581cqq.
