3488 5108
1408 401 1443 444 11

300 570 364 623 tem
383 609 448 623 .....
455 564 555 623 nalem
583 582 641 639 qua
663 563 811 623 inlunem
833 563 931 639 venit,
956 561 1017 621 nisi
1041 570 1075 620 ut
1100 561 1274 639 peripsam
1302 559 1447 620 devenire

301 663 402 741 possit
415 662 444 720 in
463 663 603 721 notitiam
621 663 738 740 primae
755 670 786 721 et
803 681 895 721 verae
912 661 1091 721 natiuitatis.

390 763 409 840 ξ
426 760 517 820 VIII.
535 761 576 820 Et
594 762 664 837 quia
683 761 741 820 hoc
759 761 882 821 videtur
900 761 1102 838 impossibile,
1121 779 1190 820 oum
1208 758 1281 818 talis
1301 759 1447 818 nativitas

301 861 342 920 sit
358 859 550 936 irregularis,
570 879 644 936 ergo
663 880 723 918 non
752 869 800 919 est
824 860 933 919 mirum
951 860 979 918 si
996 859 1146 935 astrologi
1163 867 1195 919 et
1213 856 1322 918 medici
1345 877 1448 918 errare

300 958 444 1018 sidentur
464 959 495 1016 in
513 978 617 1017 eorum
638 957 768 1016 indiciis
786 958 1016 1017 Potesttamen
1032 957 1215 1033 investigari
1232 956 1291 1015 alio
1310 959 1316 1035 Ι
1333 955 1444 1030 mode;
1472 960 1592 1027 162*

299 1076 369 1115 nam
382 1056 411 1114 in
429 1056 629 1133 conceptione
647 1076 736 1115 crura
748 1056 886 1115 mulieris
898 1055 1013 1131 dolent,
1029 1064 1218 1115 menstruum
1232 1062 1334 1116 cesset
1345 1052 1450 1130 fluere,

300 1161 333 1214 et
349 1154 437 1231 plura
459 1153 519 1213 alie
537 1154 626 1230 signa
643 1162 714 1212 sunt
731 1154 761 1212 in
780 1155 846 1212 viro
875 1160 906 1213 et
934 1153 1074 1227 muliere,
1104 1172 1181 1228 qnae
1207 1151 1279 1212 nolo
1305 1171 1448 1222 narrare,

300 1271 356 1328 per
376 1271 453 1327 quae
475 1251 543 1327 quis
570 1259 674 1329 potest
695 1251 726 1309 in
752 1272 856 1311 veram
885 1250 986 1310 dictae
1015 1251 1187 1310 nativitatis
1214 1250 1355 1310 notitiam
1384 1268 1450 1328 per-

300 1349 414 1409 venire.

389 1446 485 1526 5111.
504 1447 634 1523 Legitur
661 1447 753 1506 etiam
781 1447 952 1525 complexio
974 1447 1003 1505 in
1026 1446 1240 1525 physionomia
1269 1445 1446 1523 hominum,

299 1545 331 1604 in
352 1545 472 1604 actibus
490 1564 607 1620 eorum,
627 1554 662 1603 ut
679 1552 766 1623 patet
785 1543 825 1605 de
848 1545 988 1604 colericis
1015 1546 1067 1619 qui
1094 1545 1206 1605 leniter
1233 1551 1398 1604 moventur
1420 1551 1451 1604 et

299 1643 407 1703 volunt
419 1641 429 1675 ¹
448 1642 597 1702 dominari
610 1643 680 1703 aliis
695 1643 950 1720 quemadmodum
963 1644 1053 1721 ignis,
1066 1644 1225 1719 sanguinei
1238 1651 1309 1703 sunt
1321 1643 1448 1719 alacres,

299 1741 430 1802 curiales
457 1751 488 1801 et
516 1742 702 1801 ioculatores
723 1752 790 1817 ete,
812 1742 1009 1820 phlegmatici
1018 1787 1179 1802 ............
1202 1750 1274 1802 sunt
1302 1741 1452 1801 melanco-

299 1840 350 1899 lioi
368 1847 425 1900 etc.

389 1939 408 2016 ξ
425 1939 466 1997 Χ.
486 1937 692 2016 Cognoscitur
710 1949 813 1997 tamen
834 1939 947 1999 veriori
969 1937 1058 1997 niodo
1088 1938 1260 2016 complexio
1278 1938 1309 1996 in
1327 1937 1448 1998 febrici-

299 2036 444 2097 tantibus.
463 2037 526 2096 Pro
544 2038 630 2096 cuiue
647 2037 803 2096 evidentia
817 2036 1051 2114 ostentandam,
1065 2036 1147 2113 quod
1160 2056 1271 2115 corpus
1283 2036 1447 2096 humanum

299 2136 499 2196 constitutum
522 2156 558 2195 ex
579 2137 599 2193 4
620 2135 781 2195 elementis
805 2136 993 2211 gubernatur
1010 2155 1029 2194 a
1046 2135 1226 2213 corporibus
1243 2134 1446 2210 caelestibus,

297 2244 329 2296 et
346 2235 390 2293 sic
407 2254 519 2313 corpus
540 2234 704 2293 humanum
719 2234 757 2293 ab
776 2234 820 2293 eis
839 2232 1006 2293 secundum
1024 2231 1167 2292 diversos
1185 2253 1290 2293 eorum
1302 2240 1447 2311 aspectus

301 2333 434 2409 regitur,
454 2341 485 2392 et
502 2333 581 2392 tales
606 2340 750 2409 aspectus
772 2332 929 2391 variantur
946 2330 1114 2391 secundum
1132 2329 1210 2390 duos
1225 2337 1340 2408 motus,
1358 2331 1448 2408 primi

302 2431 426 2490 mobilis
447 2430 594 2491 videlicet
610 2431 649 2489 ab
667 2431 785 2490 oriente
806 2429 838 2489 in
859 2428 1050 2490 occidentem
1079 2429 1218 2489 ducendo
1240 2448 1344 2489 secum
1371 2429 1450 2489 alios

302 2531 407 2605 orbeS,
426 2537 457 2589 et
474 2530 666 2607 planetarum
684 2529 736 2605 qui
752 2530 791 2588 ab
808 2529 967 2590 occidente
985 2536 1043 2589 etc.
1058 2525 1070 2560 ²
1088 2528 1128 2587 Et
1142 2528 1187 2588 eie
1204 2548 1242 2587 ex
1260 2527 1383 2588 diversa
1400 2548 1448 2589 ee

301 2648 368 2687 rum
385 2629 560 2688 obviatione
577 2648 612 2687 ac
630 2627 753 2688 diverso
772 2635 899 2706 aspectu
917 2627 1032 2687 diversi
1050 2634 1236 2703 generentur
1252 2633 1396 2704 aspectus
1413 2627 1444 2686 in

300 2727 370 2786 istis
386 2725 593 2789 inferioribus.

390 2824 488 2904 §XL
512 2825 643 2903 Oportet
670 2846 743 2901 ergo
769 2823 920 2883 medicum
948 2823 1061 2882 habere
1083 2823 1288 2898 cognitionem
1310 2824 1443 2884 omnium

303 2923 541 3002 praedictorum,
560 2924 619 2983 nisi
638 2943 710 2982 cusu
727 2924 804 2982 velit
821 2943 940 2999 omero,
962 2930 994 2980 et
1016 2922 1086 2996 quie
1106 2922 1126 2978 4
1150 2920 1303 2981 elementa
1320 2930 1392 2981 sunt
1411 2924 1442 2982 in

300 3025 440 3083 continuo
459 3029 560 3099 motu,
576 3021 823 3081 diversificantur
840 3040 943 3079 eorum
963 3019 1157 3096 operationes
1175 3027 1206 3078 et
1223 3018 1352 3080 effectus
1369 3021 1442 3080 adi·

299 3122 399 3182 versis
415 3121 608 3199 aspectibus,
627 3120 745 3179 ratione
763 3120 848 3178 cuius
866 3118 982 3177 ‹liversi
1000 3123 1070 3175 sunt
1091 3117 1247 3194 appetitus
1269 3119 1336 3177 sani
1353 3126 1384 3178 et
1401 3120 1443 3179 in·

298 3218 390 3291 firmi,
409 3226 440 3278 et
457 3218 600 3278 diversae
618 3226 688 3277 sunt-
715 3217 960 3276 circumstantiae
979 3215 1144 3274 sanitatum
1163 3222 1194 3273 et
1211 3213 1441 3294 infirmitatum,

298 3318 376 3377 sicut
394 3315 503 3393 febris,
522 3317 640 3395 pulsus,
661 3316 765 3375 urinae
784 3323 839 3375 ete.

387 3417 407 3494 ξ
423 3415 499 3475 XII.
522 3415 661 3474 Ulterius
679 3421 728 3473 est
745 3411 931 3489 notandum,
945 3412 1026 3488 quod
1042 3412 1208 3472 secundum
1225 3412 1317 3472 istum
1329 3422 1445 3473 metum

298 3515 471 3573 continuum
493 3514 524 3572 in
549 3512 599 3572 <lie
621 3513 752 3572 naturali
774 3510 1008 3588 unumquodque
1032 3512 1217 3572 elementum
1240 3510 1333 3571 habet
1355 3532 1441 3572 snam

297 3612 467 3688 regionem3
486 3632 554 3671 nam
573 3611 654 3688 ignis
672 3612 765 3671 hebet
782 3620 847 3671 tres
865 3611 956 3670 horas
974 3618 1045 3670 anto
1064 3608 1221 3669 meridiem
1240 3616 1272 3669 et
1290 3617 1354 3669 tres
1369 3618 1441 3687 post

297 3710 466 3786 meridiem,
486 3719 570 3770 terra
587 3710 679 3769 hebet
696 3719 760 3769 tres
775 3717 846 3769 ante
869 3729 1009 3768 occasum
1033 3708 1107 3767 solis
1125 3715 1156 3766 et
1175 3715 1238 3765 tres
1256 3715 1341 3785 post,
1363 3729 1440 3784 aque

296 3815 361 3867 tres
377 3807 470 3868 horas
487 3815 558 3868 ente
576 3806 708 3867 moniam
723 3816 843 3866 noctem
861 3816 892 3866 et
908 3816 973 3866 tros
991 3815 1074 3884 post,
1093 3812 1145 3864 aer
1159 3804 1252 3865 habet
1266 3819 1330 3865 tres
1347 3805 1440 3865 horas

296 3913 367 3965 ante
385 3906 466 3966 diem
484 3913 516 3966 et
537 3915 601 3966 tres
619 3914 697 3984 post.
717 3905 758 3964 Et
775 3905 801 3965 si
817 3903 974 3965 febricitat
987 3904 1136 3963 celericus
1151 3903 1183 3962 in
1200 3902 1374 3963 meridient
1391 3910 1439 3964 est

297 4023 389 4063 sanus
410 4005 441 4063 in
461 4004 562 4064 medie
580 4012 682 4080 nocte,
705 4012 736 4062 et
758 4003 974 4063 melancolicus
1002 4001 1158 4061 febricitat
1179 4002 1210 4059 in
1231 4020 1342 4060 occasu
1363 4002 1438 4061 solis

297 4109 390 4162 otest
404 4122 496 4162 eunus
515 4103 545 4160 in
562 4122 671 4161 aurora
681 4101 756 4177 diei,
770 4101 992 4179 phlegmaticus
1011 4098 1166 4158 febricitat
1182 4099 1212 4157 in
1230 4098 1332 4159 media
1348 4107 1438 4159 nocte

387 4384 395 4418 ¹
412 4383 505 4432 nolunt
520 4382 593 4432 male
607 4380 639 4430 Μ
648 4383 687 4447 (p.
701 4381 756 4444 574,
766 4380 805 4446 2);
823 4380 859 4430 cf.
872 4394 899 4445 p.
914 4379 994 4443 6⁸24,ss

386 4462 397 4497 ²
414 4462 451 4513 Di
465 4462 515 4529 qni
528 4463 660 4525 correggi
674 4462 703 4511 la
717 4469 819 4513 nostra
835 4469 902 4511 nota
917 4478 933 4511 a
946 4476 972 4526 p.
986 4461 1066 4524 eme
1080 4476 1141 4527 sqq.

427 4557 504 4596 Bauio
521 4557 576 4607 Opp.
592 4557 632 4596 lot.
648 4555 689 4595 111.
1265 4552 1278 4590 b
