3488 5108
1449 378 1506 435 651

446 549 665 627 sanctimonia,
693 551 776 610 zelus
798 557 829 610 et
855 549 964 627 religio
982 550 1097 628 ligant3
1127 549 1208 611 uude
1233 545 1355 625 quidam
1383 556 1507 609 sanctus

365 657 473 721 doctor
490 659 528 719 ‘A
536 701 831 719 .....................
850 656 920 717 ideo
939 657 944 737 1
963 657 1119 719 cavendae
1133 678 1139 733 ;
1155 677 1214 733 quo
1237 655 1317 717 enim
1339 655 1508 715 sanctiores

364 766 487 843 fuerint,
498 786 534 827 eo
547 767 645 845 magia
659 766 814 843 alliciunt;
833 775 865 826 et
875 767 933 827 sub
944 774 1108 845 praetextu
1125 765 1230 826 blandi
1242 764 1344 843 piique
1359 763 1507 825 sermonis

365 875 515 935 ...miscet
532 875 537 954 1
556 895 589 935 11
610 874 714 935 viscus
735 874 934 953 impiissimae
951 873 1101 951 libidinis,
1120 871 1212 934 crede
1230 873 1323 933 mihi:
1340 874 1426 933 Haec
1444 872 1505 932 ille.

319 978 340 1043 5
444 982 548 1042 Vincit
568 1001 628 1041 nun
646 981 743 1041 solum
764 982 891 1057 bonum,
915 980 971 1041 sed
992 980 1094 1058 opinio
1117 979 1188 1041 boni
1200 1001 1207 1056 ;
1230 978 1381 1041 vinculum
1405 988 1507 1040 tamen

363 1108 485 1168 semper
503 1096 551 1149 est
569 1108 636 1149 cum
654 1087 785 1165 quadam
802 1087 1086 1149 adcommodatione
1104 1088 1370 1167 proportioneque.

443 1197 580 1273 Amoris,
598 1196 766 1274 amicitiae,
778 1195 1024 1272 benevolentiae,
1038 1196 1222 1274 placentiae,
1240 1193 1422 1275 voluptatis,
1441 1194 1508 1254 cha

361 1304 477 1380 vitatis,
507 1303 742 1382 compassionis,
766 1301 958 1382 cupiditatis,
982 1303 1147 1382 cupidinis,
1169 1302 1331 1379 avaritiae,
1354 1300 1503 1376 libidinis,

363 1411 507 1473 desiderii
526 1413 529 1489 1
549 1409 716 1487 vinculum,
745 1409 804 1471 nisi
833 1420 968 1471 mutuum
992 1408 1099 1488 fuerit,
1119 1410 1209 1470 facile
1231 1409 1396 1471 evanescit.
1414 1408 1505 1470 Unde

298 1519 340 1584 10
361 1519 437 1579 illud
456 1516 650 1598 proverbium
668 1517 754 1579 ‘sine
770 1537 873 1578 amore
891 1517 973 1596 perit
991 1518 1095 1578 amur!

444 1623 583 1684 Catullus
601 1622 733 1684 Lesbiae
752 1631 865 1701 nuptae
883 1622 983 1701 magis
1000 1623 1134 1696 vinctus,
1154 1623 1234 1701 quod
1253 1623 1367 1684 maiore
1385 1624 1508 1684 fruendi

363 1731 516 1793 desiderio
531 1731 729 1792 afficiebatur.
749 1730 903 1791 ‘Nitimur
920 1730 951 1791 in
970 1729 1097 1792 vetitum
1112 1731 1119 1753 ²
1141 1730 1256 1807 aliquid
1275 1739 1323 1791 est
1342 1776 1505 1793 ............

362 1861 419 1920 pro
436 1840 520 1901 univ'
539 1840 689 1919 complet?

443 1947 606 2008 Vinculum
622 1947 658 2008 fit
675 1968 713 2007 ex
728 1946 866 2026 prolifico
881 1946 996 2008 nemine
1012 1945 1092 2023 quod
1108 1946 1147 2006 ad
1161 1953 1262 2007 actum
1277 1967 1362 2007 sunm
1379 1946 1506 2026 rapitur,

299 2055 341 2118 15
365 2054 472 2113 nititur
488 2062 580 2130 atque
598 2053 698 2133 rapit,
720 2053 790 2114 ideo
812 2054 870 2114 hoc
888 2053 1000 2115 emisso
1022 2053 1188 2116 secundum
1211 2062 1342 2133 partem,
1360 2054 1443 2134 perit
1463 2074 1509 2115 ee·

365 2159 494 2222 cundum
513 2167 632 2240 partem
652 2163 657 2239 1
677 2159 790 2222 vinculi
806 2160 864 2222 vis.

442 2268 606 2346 Multiplex
616 2287 735 2345 semen,
747 2267 907 2347 multiplex
923 2267 1041 2343 Venus,
1058 2267 1219 2347 multiplex
1233 2288 1331 2344 amor,
1347 2267 1507 2347 multiplex

361 2374 524 2436 vinculum.
546 2376 636 2437 Unde
656 2384 687 2437 et
704 2376 900 2439 scientiarum
920 2387 952 2437 et
973 2396 1089 2436 morum
1110 2376 1345 2437 concinnitatem
1366 2377 1418 2453 lin
1437 2377 1506 2436 aliie

360 2482 541 2560 ingenerare
563 2483 815 2561 concupiscimus,
837 2483 948 2544 Semen
970 2503 1112 2560 quocum
1131 2482 1198 2559 quis
1219 2482 1328 2561 plenus
1346 2488 1407 2559 est,
1427 2481 1505 2541 deei-

295 2594 339 2657 20
361 2591 450 2651 derat
465 2592 605 2652 emittere
623 2592 654 2652 in
671 2592 799 2653 alterius
816 2591 874 2652 viri
892 2592 1034 2651 animem.

442 2698 598 2777 Alligatur
619 2698 751 2759 faemina
769 2696 933 2770 faeminas,
952 2717 1028 2777 puer
1046 2718 1150 2780 puero,
1172 2718 1237 2759 mas
1255 2698 1345 2774 mari,
1363 2716 1427 2758 mas
1445 2694 1506 2757 fae-

361 2807 472 2883 minas,
495 2807 585 2866 homo
607 2807 762 2886 superniS,
786 2806 978 2883 aequalibus,
1001 2805 1142 2884 infernis,
1165 2805 1504 2886 1111111111111,1111111-

362 2914 498 2974 cialibus.
547 2915 610 2975 Res
627 2915 733 2991 rebec,
751 2914 830 2975 sicut
847 2935 902 2993 per
919 2915 1156 2976 incantationem
1174 2914 1279 2974 cicada
1295 2934 1387 2974 aurea
1404 2922 1462 2974 etc.

442 3022 584 3082 Amabile
602 3031 633 3081 et
650 3023 761 3081 bonum
784 3022 911 3101 pulchro
938 3021 1052 3097 fueiua3
1081 3022 1150 3082 ideo
1174 3022 1260 3100 plura
1282 3030 1354 3081 sunt
1372 3021 1505 3082 vinculo·

295 3131 338 3195 25
361 3149 427 3188 rum
438 3148 553 3206 genera
570 3149 658 3206 quam
675 3151 693 3188 a
708 3129 853 3208 pulchro,
869 3127 929 3187 imo
948 3136 1066 3188 suntet
1083 3148 1101 3187 a
1120 3128 1199 3187 malo
1214 3135 1245 3187 et
1263 3127 1396 3188 violento
1416 3128 1421 3207 l
1439 3129 1504 3206 plu·

362 3257 407 3314 ra,
430 3256 508 3313 quae
526 3236 707 3317 principium
730 3245 800 3298 suut
822 3236 1034 3316 corruptionis.
1063 3237 1158 3296 Pater
1180 3234 1310 3296 vincitur
1328 3234 1390 3295 filiu
1413 3235 1504 3296 etiam

363 3352 510 3403 monstro.

443 3452 553 3513 Plures
571 3452 667 3512 vincit
684 3452 846 3531 phantasia
864 3458 895 3512 et
917 3451 1032 3530 opinio,
1052 3470 1141 3525 quam
1162 3448 1253 3522 ratio,
1273 3449 1331 3509 imo
1355 3457 1387 3508 et
1407 3448 1505 3509 inten-

363 3559 436 3619 sius.
464 3559 554 3618 Multi
582 3567 697 3637 amant,
727 3567 758 3619 et
786 3579 838 3619 cur
867 3565 970 3618 amant
995 3557 1148 3633 nesciunt,
1169 3560 1174 3638 Ι
1196 3558 1267 3634 quia
1294 3557 1360 3617 siue
1387 3558 1505 3617 ratione

297 3656 341 3722 30
363 3675 485 3724 amant:
510 3685 570 3724 non
597 3675 700 3726 tamen
729 3667 795 3725 eine
824 3684 915 3725 cauea
941 3652 1133 3744 impellente,
1162 3663 1387 3725 febricitantem
1410 3665 1506 3725 vincit

364 3795 449 3835 amor
466 3794 573 3851 aquae.

443 3879 534 3942 Unde
551 3882 764 3942 devinciuntur
778 3890 809 3942 et
823 3880 1010 3943 invincibilia
1026 3881 1209 3942 animalium.
1226 3882 1320 3943 Arist.
1333 3883 1381 3943 De
1396 3883 1508 3943 anima·

363 3991 457 4068 libus,
480 3991 610 4069 Agripp.
637 3990 723 4062 Quae
744 3997 793 4049 est
814 3998 941 4069 propter
963 3989 1175 4066 cognationem
1196 3990 1346 4066 quandam
1366 3993 1370 4069 1
1390 3991 1438 4050 vel
1461 4010 1508 4050 co-

364 4097 449 4177 gnati
467 4096 641 4175 vestigium.

773 4280 1105 4290 ......-..--.--...----“,.Δ
1116 4281 1135 4286 ..-
1146 4272 1495 4286 ——-——-—-———-·

436 4385 914 4457 ·8Cupidinisncll’iatarliaeclir
964 4386 993 4436 10
1005 4391 1087 4451 pro'v‘.
1099 4384 1140 4433 Br
1189 4381 1506 4447 12.1sscf.p674,2sa1.

366 4479 395 4525 19
412 4490 476 4524 cum
490 4473 527 4523 dc
540 4469 715 4523 cancellare?
