3488 5108
621 427 750 472 Laurus
770 427 927 472 TRIGINTA
951 425 1158 471 STATVARVM.

722 823 1053 899 APPLICATIO

459 969 815 1048 NVMERORVM
857 966 1309 1042 PRAEDICTORVM.

402 1318 460 1384 Sic
487 1319 597 1406 igitur
620 1316 732 1405 primo
759 1316 856 1380 iuxta
880 1315 1040 1380 dextrum
1059 1321 1094 1380 et
1113 1315 1294 1380 sinistrum
1324 1322 1459 1382 statuae

311 1466 373 1531 per
390 1443 528 1530 singula
540 1441 696 1506 membra
711 1463 773 1527 per
790 1439 945 1505 ordinem
964 1438 1174 1504 collocentur
1190 1438 1303 1504 dietae
1320 1437 1459 1506 distinc-

266 1569 439 1649 btiones‚
471 1571 475 1657 l
508 1589 652 1655 quarum
681 1565 821 1652 quidem
851 1564 944 1648 illae,
971 1587 1058 1649 quae
1078 1574 1160 1631 sunt
1177 1587 1198 1629 a
1217 1565 1332 1651 capite
1349 1587 1458 1651 usque
1484 1570 1601 1633 132»

312 1694 355 1761 ad
374 1695 534 1760 humeros
553 1693 735 1775 inclusive,
753 1691 909 1776 utrisque
928 1688 1086 1754 terminis
1106 1689 1229 1755 sumtis
1248 1689 1458 1756 abstractive

311 1845 370 1887 seu
390 1818 636 1886 adverbialiter
651 1817 794 1883 formari
808 1822 968 1905 possunt,
982 1835 1099 1881 omues
1111 1815 1200 1880 uliae
1216 1814 1457 1883 distinctiones

312 1945 366 2011 vel
386 1944 573 2010 seeundum
593 1942 712 2009 ambas
731 1941 958 2024 differentias,
978 1940 1043 2006 hoe
1062 1947 1114 2006 est
1133 1938 1220 2006 lucis
1240 1947 1275 2006 et
1298 1941 1457 2006 tenebra·

311 2094 405 2154 rum,
425 2070 481 2136 vel
500 2069 688 2135 secundum
707 2068 852 2133 alteram
870 2073 1017 2132 tantum.
1043 2066 1081 2130 Si
1111 2087 1192 2132 vero
1222 2067 1310 2132 alter
1340 2067 1457 2132 termi-

247 2207 289 2270 10
312 2218 434 2262 norum
455 2202 611 2260 sumatur
630 2192 864 2276 nominaliter,
884 2192 972 2258 alter
991 2213 1071 2258 vero
1091 2190 1351 2275 adverbialiter,
1372 2199 1456 2257 tune

310 2320 448 2406 singula
468 2319 686 2385 deducuntur
704 2341 765 2405 per
784 2319 916 2400 omnia,
934 2317 1032 2382 verbi
1050 2317 1165 2404 gratia
1183 2316 1382 2383 absolutum
1400 2315 1455 2383 vel

309 2445 500 2532 respective
513 2445 568 2510 vel
581 2443 827 2532 comparative,
841 2442 1039 2509 absolutum
1056 2449 1245 2525 contracte,
1257 2442 1455 2510 absolutum

309 2571 473 2659 perfect-e,
498 2570 695 2636 absolutum
715 2567 952 2650 immobiliter,
967 2575 1002 2634 et
1021 2569 1069 2634 ita
1090 2568 1260 2656 deinceps.
1287 2568 1455 2635 Similiter

310 2695 486 2761 immobile
506 2695 675 2776 absolute,
694 2694 871 2781 primarie,
888 2717 949 2781 per
965 2717 1013 2777 se,
1028 2717 1090 2781 per
1105 2694 1264 2761 accidens
1279 2702 1358 2777 eto.;
1380 2693 1455 2759 iufi-

244 2829 285 2893 15
309 2821 422 2887 nitum
439 2821 610 2905 absolute,
630 2820 806 2907 primarie,
826 2843 888 2907 per
907 2844 942 2885 se
962 2827 1025 2885 etc.

398 2948 489 3014 istae
509 2954 590 3013 sunt
606 2945 813 3012 bimembres
828 2945 1083 3030 distinctionem
1100 2953 1222 3034 utpote
1236 2969 1277 3012 ex
1294 2946 1454 3013 terminis

308 3075 378 3139 illis
397 3073 615 3159 geminisque
634 3081 832 3138 constantes
851 3072 1070 3155 differentiiS,
1090 3095 1179 3159 quae
1198 3072 1349 3138 medium
1380 3094 1453 3137 non

308 3199 511 3281 admittunt,
532 3198 624 3263 ultra
640 3205 675 3263 et
691 3206 788 3263 extra
805 3222 889 3285 quus
906 3198 1120 3286 impossibile
1136 3198 1192 3264 vel
1208 3197 1453 3264 difficillimum

308 3333 359 3389 est
378 3324 464 3390 alias
484 3324 652 3406 invenire,
674 3331 707 3389 et
728 3323 764 3388 in
784 3323 909 3410 quibus
929 3323 995 3388 sita
1015 3332 1067 3388 est
1086 3323 1198 3390 omnis
1215 3322 1452 3391 distinctionis

241 3452 285 3513 ‘20
308 3448 508 3514 bimembris
530 3450 597 3533 vie,
619 3472 706 3535 quae
725 3449 768 3514 ad
782 3449 887 3514 realia
904 3448 1149 3535 distinguenda
1166 3449 1338 3516 conducit.
1355 3449 1452 3514 Haec

307 3573 416 3659 igitur
435 3581 550 3639 statua
571 3597 648 3640 eum
668 3574 819 3640 medium
838 3598 908 3640 non
927 3574 1066 3655 habeat,
1087 3573 1191 3640 habet
1216 3581 1333 3640 tamen
1358 3575 1451 3660 quod

306 3705 491 3785 utrumque
510 3708 627 3785 negat,
645 3708 684 3765 ut
704 3701 795 3765 inter
813 3701 969 3766 absolute
999 3709 1033 3765 et
1061 3700 1251 3787 respective
1282 3707 1334 3766 est
1358 3700 1450 3786 quod

307 3831 430 3890 neutro
450 3825 563 3908 mode,
585 3825 677 3910 quod
696 3825 930 3892 distinctionis
955 3827 1146 3892 membrum
1161 3825 1306 3913 reperiri
1336 3832 1451 3913 potest

308 3950 344 4013 in
363 3949 570 4034 quibusdum
591 3951 677 4015 citra
696 3951 865 4016 rationem
885 3952 1033 4033 essendi,
1066 3959 1106 4017 ut
1135 3952 1226 4036 quod
1256 3959 1308 4017 est
1339 3974 1451 4038 neque

398 4239 790 4290 llhumerosdhnurnerosd
843 4240 1005 4305 sumptisl!
1049 4240 1299 4303 8booestl÷AM
1347 4244 1454 4292 llver·

306 4321 335 4371 bi
350 4324 485 4383 (correttol
494 4315 597 4383 prati:
615 4337 640 4372 v.
650 4338 676 4384 g.
688 4321 720 4370 M
765 4323 795 4370 18
812 4320 998 4372 difficilimum
1009 4323 1088 4385 (corre
1099 4322 1183 4384 arrolc;
1199 4321 1234 4383 cf.
1246 4338 1300 4385 ap.
1315 4323 1342 4383 4,
1357 4324 1399 4384 15)
1410 4322 1451 4373 nl:

306 4401 421 4451 difficile
435 4400 480 4451 vel
497 4402 675 4466 impossibile
693 4408 820 4466 traapoue
837 4401 868 4451 M
929 4403 960 4451 23
976 4403 1062 4468 quod]
1081 4407 1098 4465 (1
1116 4399 1181 4465 (ried
1198 4404 1298 4469 quae),
1317 4419 1335 4451 a
1351 4408 1450 4464 quanto

306 4483 425 4544 sembra,
440 4481 473 4530 21¹

438 4578 514 4618 Buuur
531 4578 584 4628 Opp.
601 4579 642 4617 lul.
659 4578 700 4617 111.
1264 4576 1290 4616 26
