3488 5108
750 419 911 467 nnuicma
933 421 1107 468 nvmrsux.
1440 409 1500 469 575

353 582 434 641 aute
454 575 632 641 meridiem
652 582 687 641 et
705 583 777 642 tres
795 583 874 664 post
893 576 1085 661 meridiem,
1105 600 1229 665 nempe
1248 579 1345 646 iuxta
1365 577 1497 645 dierum

353 701 523 769 rationem
542 701 777 786 inaequalium
800 701 1019 787 inaequales3
1039 709 1130 767 terra
1149 703 1276 770 habeat
1305 710 1375 769 tres
1399 704 1500 770 horas

355 831 435 892 aute
465 848 622 892 occasum
651 826 733 893 solis
762 832 797 891 et
819 832 891 891 tres
913 834 1006 913 post,
1033 850 1121 913 quae
1144 835 1226 894 sunt
1245 829 1312 895 IV*
1330 831 1442 895 noctis
1466 835 1501 895 et

357 951 425 1018 ΙΨ
443 950 512 1017 diei
531 951 709 1034 continue;
729 973 819 1037 equa
837 960 908 1018 tres
928 952 1029 1018 horas
1046 960 1127 1019 ante
1145 952 1294 1020 mediam
1310 959 1447 1020 noctem
1466 960 1501 1020 et

310 1082 424 1144 btres
452 1083 545 1164 post;
576 1085 635 1142 aer
664 1083 734 1143 tres
766 1076 868 1143 horas
900 1085 982 1143 ante
1011 1086 1046 1144 et
1064 1084 1135 1144 tres
1154 1086 1233 1166 post
1251 1079 1367 1167 ipsum
1386 1086 1500 1146 ortum

355 1201 447 1269 solis.
472 1203 539 1268 Hic
563 1202 592 1268 si
611 1202 790 1268 febricitat
817 1202 1007 1270 cholericus
1030 1205 1068 1271 in
1091 1204 1234 1271 meridie
1262 1213 1297 1270 et
1317 1211 1373 1272 est
1397 1228 1502 1272 sanus

354 1329 392 1394 in
411 1327 523 1394 media
542 1334 656 1412 noete,
674 1327 942 1394 melancholicus
963 1310 1141 1396 febricitat
1156 1331 1194 1395 in
1213 1352 1334 1396 occasu
1353 1328 1434 1395 solis
1449 1330 1453 1409 Ι
1467 1335 1501 1395 et
1527 1331 1617 1395 56ν

357 1461 408 1520 est
427 1475 531 1519 sanus
550 1453 641 1519 circa
660 1453 871 1540 principium
895 1453 977 1538 diei,
998 1454 1251 1541 phlegmaticus
1269 1453 1446 1520 febricitat
1463 1453 1502 1519 in

358 1579 470 1645 media
488 1587 589 1644 nocte
608 1584 643 1643 et
663 1586 715 1643 est
738 1601 841 1644 sanus
861 1579 898 1644 in
918 1578 1074 1663 meridie,
1094 1581 1305 1667 sanguineus
1326 1578 1503 1645 febricitat

295 1707 336 1770 10
358 1705 397 1770 in
415 1726 540 1770 aurora
559 1703 627 1769 diei
646 1712 681 1768 et
700 1711 752 1769 est
771 1726 874 1769 sanus
894 1704 932 1769 in
949 1727 1071 1771 occasu
1090 1705 1179 1772 solie.

448 1836 468 1913 ξ
491 1829 575 1894 XII.
601 1829 754 1907 Quarta
778 1830 895 1895 ratio.
917 1870 951 1880 -
966 1830 1110 1916 Legitur
1129 1831 1234 1896 etiam
1250 1830 1443 1918 complexio
1466 1831 1504 1896 in

358 1955 460 2021 urina
479 1977 577 2036 sana,
597 1977 684 2040 quae
703 1954 785 2021 licet
805 1955 1035 2021 communiter
1053 1955 1189 2022 dicatur
1208 1955 1366 2038 subrufa,
1387 1977 1505 2020 secun·

359 2079 441 2145 dum
461 2079 612 2145 diversas
631 2085 746 2144 tamen
768 2081 1021 2167 complexiones
1050 2080 1301 2166 quodammodo
1332 2081 1503 2146 variatur:

360 2205 397 2269 in
416 2204 585 2270 cholerico
601 2213 654 2269 est
670 2205 808 2270 subtilis
821 2212 855 2271 et
870 2205 1002 2290 lucida,
1016 2206 1053 2272 in
1072 2207 1261 2292 sanguineo
1281 2206 1368 2271 beno
1388 2228 1505 2288 aurea,

296 2327 337 2391 15
360 2329 397 2396 in
431 2329 664 2417 phlegmatioo
699 2330 851 2396 declinat
886 2330 929 2396 ad
958 2330 1165 2421 albedinem,
1191 2331 1228 2397 in
1257 2330 1506 2397 melancholico

360 2453 612 2541 quodammodo
640 2454 685 2521 ad
712 2455 947 2542 nigredinem,
976 2478 1100 2546 nempe
1131 2479 1208 2522 oum
1237 2462 1290 2522 est
1318 2454 1507 2523 subviridis

361 2603 420 2647 seu
440 2580 592 2646 subatra.

451 2713 471 2789 ξ
494 2705 596 2770 XIII.
621 2705 753 2772 Habita
771 2706 901 2773 noticia
925 2706 1173 2794 complexionis
1197 2707 1383 2773 crriuslibet
1402 2714 1436 2773 et
1454 2729 1507 2774 sa-

361 2830 484 2897 nitatis
503 2831 691 2896 secundum
711 2831 882 2897 iustitiam
902 2832 1162 2900 distributivam
1186 2832 1431 2920 investiganda
1455 2840 1507 2899 cst

295 2949 339 3012 20
362 2956 552 3043 complexio
573 2956 787 3023 infirmitatis
806 2957 843 3021 in
864 2980 997 3024 camera
1017 2964 1161 3043 quartae
1179 2958 1311 3043 figurae
1327 2958 1427 3039 DIK,
1445 2981 1507 3045 per
1532 2942 1536 2949 ¹

363 3104 464 3167 quani
485 3082 658 3169 principia
677 3083 858 3170 primitive
876 3084 1050 3171 inquirere
1066 3082 1169 3151 debet
1184 3083 1337 3152 medicus
1354 3085 1390 3149 in
1404 3083 1508 3149 medi·

363 3207 454 3290 cina,
475 3216 510 3273 et
530 3206 700 3291 quomodo
719 3230 755 3274 se
774 3208 900 3275 habeat
919 3209 962 3275 ad
980 3207 1162 3291 inferiora;
1184 3209 1234 3275 ibi
1254 3209 1409 3275 inveniet
1431 3232 1507 3276 eam

363 3339 519 3397 constare
535 3354 577 3396 ex
594 3341 742 3418 quatuor
753 3334 876 3399 activis
889 3340 924 3398 et
943 3340 1091 3421 quatuor
1103 3334 1251 3422 passivis
1268 3333 1506 3420 qualitatibus,

364 3458 455 3525 unde
472 3460 638 3547 procedat
657 3461 701 3527 ad
719 3483 890 3527 cameram
909 3461 1007 3546 EIK,
1025 3460 1134 3545 EFG,
1153 3461 1266 3545 ΕΘΗ,
1288 3461 1383 3527 GHI.

297 3642 341 3706 25
453 3649 491 3709 In
513 3669 633 3711 camera
655 3648 848 3710 considerare
869 3657 993 3728 oportet
1017 3649 1197 3726 qualitatem
1224 3650 1322 3728 primo
1345 3649 1443 3727 ipsius
1466 3648 1507 3724 D,

365 3756 463 3834 ipsius
484 3757 514 3833 Ι,
534 3757 632 3836 ipsius
652 3757 697 3833 K,
720 3757 805 3816 iuxta
825 3757 995 3817 doctrinam
1017 3765 1104 3817 rotae
1124 3757 1349 3830 subiectorum
1366 3755 1509 3831 subinde,

365 3871 398 3923 ut
415 3884 471 3924 nos
489 3863 726 3942 declaravimus,
746 3863 972 3942 procedendum
990 3865 1094 3925 estad
1113 3909 1205 3926 .......
1224 3882 1301 3938 quae
1323 3870 1445 3923 constat
1462 3883 1509 3923 co·

365 3972 489 4049 lumnie,
509 3971 657 4050 cylindris
675 3979 707 4032 et
724 3972 793 4032 aliie
811 3972 950 4051 partibus
968 3982 1000 4033 et
1015 3973 1135 4033 variare
1150 3970 1298 4032 terminos
1312 3971 1402 4032 huius
1417 3971 1513 4032 consi·

366 4077 534 4139 dotationis
552 4079 644 4139 docet
659 4080 745 4140 iuxta
760 4079 912 4141 diversam
934 4080 1032 4159 ipsius
1051 4079 1068 4138 I
1089 4080 1296 4141 situationem.
1318 4080 1368 4141 Ita
1389 4079 1420 4139 in
1442 4079 1512 4140 aliis

458 4336 510 4386 3.4
527 4334 779 4401 quae-continue
801 4348 850 4384 om.
875 4331 915 4382 Br
978 4332 1066 4383 6Η1ο
1086 4323 1149 4382 Ml:
1166 4334 1246 4397 soree
1266 4333 1371 4384 Hinc?
1433 4336 1465 4384 10
1481 4340 1511 4385 et

368 4424 412 4467 est
425 4417 480 4466 Br:
495 4421 541 4466 cet
554 4421 583 4465 ot
597 4413 629 4464 M
688 4414 770 4464 ‘2122
784 4412 923 4477 medicus,
937 4414 979 4463 ita
993 4412 1028 4478 (5)
1046 4413 1111 4463 aliie
1128 4414 1249 4465 cameris
1268 4415 1296 4464 in
1311 4413 1451 4465 medicine
1465 4414 1497 4465 Μ
1502 4417 1510 4451 ¹

368 4498 400 4548 24
417 4496 485 4547 ΕΙΚ
499 4496 553 4547 Br:
570 4496 646 4546 ELK.
658 4495 690 4545 Μ
703 4493 738 4561 (1)
801 4494 872 4558 251).
887 4493 945 4557 576,
960 4495 976 4545 8
991 4493 1022 4545 in
1032 4509 1119 4561 morp.
1134 4495 1167 4545 l!
