3488 5108
671 429 802 474 tannes
822 428 983 473 metm
1004 428 1213 474 enarrantur.
1453 419 1510 478 241

365 607 429 673 pro
439 585 833 669 sniexistentie;anin1a
848 607 929 651 rere
945 608 1007 673 per
1023 608 1058 651 se
1072 587 1189 652 existit
1204 606 1237 652 et
1255 589 1424 673 subsistit,
1437 590 1510 679 ipsu

364 712 470 777 etiam
493 724 547 777 est
570 712 764 778 subiectum
780 710 1012 778 accidentium
1030 726 1063 777 et
1084 713 1339 800 operationutnt
1355 738 1438 802 ergo
1451 756 1510 781 -.

453 836 500 902 X.
523 837 635 903 Omne
658 836 817 903 accidens
840 836 1040 903 denominat
1070 837 1263 904 subiectum
1291 840 1513 907 aecidenteli·

364 974 434 1047 ter,
454 964 543 1029 sieut
563 963 608 1028 ab
626 962 787 1029 albedine
805 962 936 1028 dieitur
954 962 1088 1046 albuni,
1107 986 1126 1029 a
1146 963 1291 1030 scientia
1311 966 1436 1047 seiens;
1451 966 1510 1032 sed

319 1083 481 1155 franima
500 1089 777 1156 substantialiter
796 1089 996 1155 denominat
1021 1090 1230 1171 subiectum,
1261 1090 1353 1176 quod
1380 1090 1510 1159 dieitur

363 1214 569 1295 animatum
588 1237 671 1301 ergo
683 1254 745 1278 —.
766 1214 939 1281 Probatur
956 1188 1089 1297 minori
1106 1216 1187 1301 quia
1211 1230 1344 1281 remota
1362 1216 1509 1283 seientia

363 1356 397 1406 et
424 1339 584 1407 albedine
611 1350 722 1427 potest
753 1362 892 1406 manere
919 1339 1038 1405 eadem
1067 1340 1198 1427 speeies
1233 1354 1266 1406 et
1297 1341 1507 1425 substantia,

363 1467 423 1533 sed
441 1486 572 1533 remota
591 1466 708 1531 anima
727 1478 864 1531 nonest
880 1464 997 1531 eedem
1017 1464 1146 1552 speeies
1167 1487 1277 1551 neque
1297 1467 1507 1550 sttbstantia3

363 1616 446 1679 ergo
465 1593 553 1659 sieut
573 1592 806 1658 essentialiter
824 1591 1020 1673 constituit,
1040 1591 1089 1656 ita
1108 1590 1339 1657 essentialiter
1357 1591 1509 1659 denomi-

299 1716 342 1779 10
363 1734 475 1784 natur.

450 1845 515 1910 XI.
541 1844 667 1909 Anima
688 1856 739 1909 est
760 1844 796 1908 in
815 1843 935 1909 ordine
954 1858 987 1909 et
1008 1842 1268 1908 coordinatione
1286 1844 1400 1910 scalae
1430 1844 1508 1911 sub

362 1972 583 2041 stantiarunt.
603 1971 685 2056 quia
706 1969 833 2035 dieitur
853 1992 924 2034 esse
944 1968 981 2033 in
1001 1968 1151 2033 confinio
1169 1968 1386 2035 substantiae
1405 1969 1508 2035 intel·

362 2096 518 2163 lectualis
536 2114 569 2162 et
590 2096 754 2184 physicae
773 2118 833 2161 seu
853 2094 1058 2175 rneterialis3
1075 2117 1157 2179 ergo
1176 2102 1317 2161 nonest
1336 2096 1509 2163 accidens.

362 2222 457 2299 Quae
476 2221 613 2305 quidem
638 2221 800 2308 analogia
825 2242 895 2286 non
923 2236 973 2286 est
1003 2219 1191 2285 secundum
1217 2219 1417 2305 dictionem,
1447 2222 1507 2288 sed

297 2351 339 2413 15
362 2349 549 2414 secundum
577 2349 705 2435 gradus
734 2360 769 2414 et
797 2349 1021 2415 situationetn
1051 2349 1088 2414 in
1118 2346 1210 2412 diota
1241 2348 1347 2432 scala,
1375 2346 1506 2413 habens

362 2474 593 2561 aptitudinem
627 2474 670 2540 ad
700 2475 893 2562 superiores
922 2484 957 2540 et
987 2474 1030 2539 ad
1062 2473 1244 2539 inferiores
1277 2471 1504 2555 substantiae,

363 2623 540 2687 nunquam
560 2623 641 2665 vero
660 2601 826 2667 collocata
846 2614 898 2666 est
918 2600 955 2665 in
982 2600 1102 2665 ordine.
1126 2598 1371 2682 accidentitun3
1392 2599 1507 2665 anelo-

361 2748 443 2811 gunt
462 2727 555 2791 eninr
580 2740 630 2790 est
656 2726 748 2810 quod
772 2726 901 2792 dieitur
924 2725 1112 2791 sectunlttm
1142 2725 1238 2812 prius
1268 2734 1302 2790 et
1333 2726 1505 2812 posterius

362 2851 398 2915 in
422 2851 476 2915 his
501 2874 589 2936 quae
609 2852 786 2929 dit-untur,
810 2864 841 2917 et
869 2852 972 2917 habet
993 2850 1161 2916 rationem
1185 2850 1310 2936 prioris
1335 2859 1370 2915 et
1393 2860 1505 2938 poste·

295 2980 340 3042 20
361 2977 462 3042 rioris
480 2976 518 3041 in
538 2976 697 3063 hisquae
717 2992 807 3042 sunt.

640 3239 658 3275 A
676 3239 768 3276 saturet
785 3242 861 3277 statu-,t
877 3240 940 3277 tuxts
955 3244 1001 3278 tres
1015 3239 1100 3288 prium
1116 3240 1225 3279 rationes.

449 3412 480 3474 ,t
499 3411 670 3496 principio
690 3409 863 3495 originali.
883 3409 973 3487 Quia
991 3424 1125 3495 patient
1143 3407 1271 3474 habero
1290 3409 1418 3474 dit-itur
1432 3411 1505 3476 uni-

360 3556 415 3599 ma
432 3534 556 3617 Deum,
577 3535 666 3600 unde
686 3534 741 3599 vel
759 3552 808 3600 est
830 3558 872 3600 ex
891 3534 1010 3599 divina
1029 3533 1238 3616 substantia,
1259 3535 1314 3599 vel
1339 3557 1379 3599 ex
1403 3559 1504 3623 pecu-

360 3660 438 3725 liari
457 3661 619 3746 eltrudem.
639 3661 756 3726 taliter
775 3661 989 3726 denominari
1010 3682 1079 3725 non
1098 3666 1210 3746 potest
1232 3660 1399 3725 accidens.

293 3778 336 3840 '25
449 3790 478 3851 ⁵2.
504 3788 535 3850 A
555 3787 692 3852 semine.
713 3788 800 3865 Quia
821 3788 935 3853 anima
956 3810 1024 3852 non
1042 3802 1092 3852 est
1109 3786 1220 3852 virtus
1234 3786 1375 3851 sentinis
1392 3809 1502 3872 neque

360 3915 534 4000 accidens,
555 3915 613 3981 sed
634 3934 685 3981 est
705 3940 810 4003 agens
829 3926 861 3981 ot
883 3917 1064 3982 lornuttrix
1083 3917 1121 3982 in
1140 3939 1179 3981 eo
1198 3925 1230 3981 et
1251 3939 1313 4004 per
1333 3917 1457 4005 ipsunt.

454 4178 465 4223 l
483 4191 533 4239 pro
550 4173 677 4237 (cutte-elta
690 4174 734 4223 sui
748 4176 804 4237 exi)
820 4177 864 4225 sui
879 4182 883 4241 Ι
898 4178 1070 4227 existentiae
1086 4176 1144 4239 (sic)
1161 4176 1181 4225 ,1
1249 4176 1321 4244 ipen]
1336 4176 1392 4226 ista
1409 4180 1443 4242 tt)
1462 4177 1500 4228 el:

360 4261 390 4304 et
400 4256 560 4305 subiectum
576 4262 621 4304 ost
635 4270 694 4315 (orn.
710 4255 771 4317 ipsa
783 4256 880 4309 atiuntl
892 4257 922 4306 Μ
975 4261 991 4308 2
1005 4258 1204 4324 operationum
1214 4260 1251 4307 A:
1266 4257 1461 4322 potentiarum
1472 4259 1503 4308 Μ

358 4337 594 4398 bergo-minor
608 4353 656 4385 otu.
676 4334 706 4384 Μ
768 4338 1008 4393 ssoonstis.sit.·l¹
1072 4338 1321 4404 tosuperiora.t¹
1383 4340 1502 4389 '201unt

360 4417 514 4481 (Analogia
531 4416 638 4466 dieitur
655 4416 822 4475 ordinatio.)
845 4418 876 4467 Μ
936 4421 968 4468 ’Μ
985 4419 1106 4485 quedam
1131 4420 1229 4469 taliter
1250 4428 1341 4483 (seusa
1361 4417 1501 4482 interpun-

360 4496 443 4562 :louet
458 4500 495 4548 A:
516 4498 651 4565 quadem,
666 4502 774 4562 puriter
785 4499 817 4548 Μ

491 4595 567 4632 usust
582 4598 637 4641 opp.
652 4595 692 4631 tat.
705 4592 746 4631 ttt.
1315 4598 1338 4635 tt
