3488 5108
594 430 724 476 usuras
744 431 903 477 mmmm
925 429 1131 476 srsrvauvu.
1395 413 1434 473 et

294 593 473 674 praesente
498 592 533 652 et
561 585 686 652 intimo
706 608 778 652 esse
808 585 936 672 ubique
954 583 1093 673 incipit,
1122 583 1207 650 facit
1232 592 1266 649 et
1285 583 1432 671 perficit,

292 735 356 801 pro
377 735 492 778 rerum
512 712 724 779 successione
744 711 977 778 conditionem
996 709 1138 778 faciens.

381 838 421 904 V.
441 838 580 923 Ubique
603 835 708 904 habet
728 836 858 920 omnia,
888 843 1004 924 potest
1022 836 1152 919 omnia,
1182 835 1281 903 novit
1305 834 1431 917 omnia,

292 971 413 1051 utpote
432 963 587 1029 omnium
605 985 801 1050 praegnans
820 962 1025 1050 specierum;
1047 961 1107 1028 sed
1122 984 1192 1028 non
1206 961 1342 1027 invenit
1361 961 1435 1028 ubi·

249 1096 270 1159 I)
293 1111 359 1175 que
378 1110 514 1154 omnem
533 1087 713 1155 materiam
729 1097 764 1153 et
783 1088 1019 1154 omnimodum
1037 1086 1242 1171 subiectum,
1263 1085 1345 1172 quia
1364 1107 1434 1151 non

293 1223 344 1281 est
363 1222 464 1280 tanta
476 1214 603 1301 ubique
623 1214 845 1281 tenebrarum
858 1212 1129 1301 comprehensim
1143 1219 1274 1298 quanta
1286 1220 1338 1278 est
1349 1211 1435 1278 lucis

293 1340 422 1426 ubique
441 1339 601 1406 efficacia.

381 1465 439 1530 VI.
460 1465 542 1531 Sine
562 1465 719 1532 discursu
739 1473 773 1531 et
793 1465 902 1532 animi
921 1463 1145 1531 distractione
1164 1471 1199 1530 et
1217 1470 1437 1550 argumenta

293 1592 388 1659 tione
408 1614 466 1657 seu
485 1592 738 1658 consultatione
750 1590 836 1657 facit
855 1591 980 1674 omnia,
997 1597 1036 1655 ut
1052 1588 1127 1655 fieri
1146 1588 1273 1655 debent
1295 1589 1435 1675 ubique;

229 1729 271 1791 10
294 1717 384 1783 siout
403 1717 494 1782 enim
512 1717 703 1803 exquisitus
724 1716 941 1782 citharoedus
961 1716 1093 1782 minore
1109 1713 1361 1781 consultatione
1380 1716 1435 1781 vel

294 1843 438 1910 minima
457 1842 513 1907 vel
531 1842 628 1908 nulla
647 1842 745 1927 facit,
761 1843 851 1931 quod
871 1842 1021 1908 deterius
1040 1841 1158 1908 rudior
1177 1840 1325 1907 multum
1337 1821 1436 1928 'cogi-

294 1969 401 2035 tando
424 1992 495 2035 non
518 1967 667 2055 perficit,
693 1968 742 2033 ita
766 1967 1056 2054 exquisitissimus
1075 1973 1238 2033 aeternus
1262 1966 1327 2031 iste
1350 1967 1433 2033 arti·

293 2094 350 2159 fex
373 2093 524 2180 simplici
548 2094 673 2159 obtutu
706 2093 794 2159 eitra
817 2087 964 2158 omnem¹
977 2090 1167 2158 studiosam
1201 2091 1435 2158 attentionem

294 2219 379 2286 facit
399 2218 523 2284 omnia.

227 2361 270 2424 15
382 2345 459 2410 VII.
480 2344 685 2431 Quicunque
704 2343 789 2410 facit
813 2365 854 2408 ex
877 2364 993 2409 amore
1012 2342 1097 2408 facit
1120 2349 1155 2408 et
1174 2342 1336 2426 amand0;
1357 2366 1435 2410 cum

294 2471 386 2536 enim
415 2469 482 2535 sibi
503 2470 715 2556 complaceat
743 2468 780 2533 in
810 2467 1066 2534 efficiendorum
1095 2467 1223 2556 specie,
1243 2468 1287 2535 ad
1317 2491 1434 2536 eorum

293 2595 550 2683 provectionem
570 2616 605 2659 se
624 2599 813 2680 promovet.

383 2720 479 2786 VIII.
500 2720 603 2785 Actio
622 2720 716 2785 illius
746 2741 815 2785 non
833 2719 961 2807 pendet
989 2743 1009 2786 a
1027 2726 1196 2807 tempore,
1216 2745 1236 2787 a
1261 2744 1341 2787 casu
1361 2729 1434 2788 eta

294 2846 447 2930 fortuna,
469 2845 528 2911 scd
547 2846 590 2911 ab
611 2845 687 2932 ipsa
710 2844 837 2932 pendet
856 2852 992 2932 tempus
1020 2842 1057 2910 'et
1076 2853 1169 2910 certa
1187 2845 1321 2912 ratione
1341 2847 1434 2932 quio·

225 2984 271 3047 20
294 2973 377 3059 quid
396 2973 496 3038 nobis
517 2972 655 3038 casuale
674 2971 812 3036 videtur
832 2983 867 3036 et
885 2971 1079 3037 fortuitum.

382 3097 446 3162 IX.
466 3097 665 3183 Imaginare
684 3097 812 3163 lineam
842 3095 1017 3161 infinitam
1046 3097 1083 3162 in
1105 3103 1235 3185 puncto
1255 3107 1289 3164 et
1317 3098 1353 3163 in
1373 3099 1436 3164 cir·

294 3223 369 3289 culo
401 3223 647 3289 consistentem
681 3245 741 3309 per
773 3221 930 3308 superius
970 3221 1077 3305 dicta,
1107 3230 1141 3287 et
1176 3222 1333 3310 intellige
1362 3224 1434 3291 cius

294 3348 503 3436 operationis
533 3371 604 3414 nou
634 3372 707 3413 csse
743 3346 858 3431 finem,
891 3347 972 3434 quia
997 3371 1074 3413 cum
1104 3348 1150 3415 sit
1174 3358 1298 3416 natura
1327 3358 1362 3415 et
1381 3351 1434 3417 vis

294 3474 439 3556 infinita,
461 3473 621 3564 infiuipte
642 3482 748 3556 amat;
774 3472 865 3538 unde
882 3473 1073 3538 benedixit
1092 3474 1316 3562 Empedocles
1331 3476 1432 3541 intol-
1462 3485 1577 3548 123¹

226 3607 271 3671 ‘25
294 3599 420 3666 lectum
437 3599 595 3665 divinum
614 3621 749 3686 semper
768 3621 940 3686 separare,
957 3605 996 3664 ut
1015 3622 1193 3686 nunquam
1212 3600 1368 3667 futurum
1388 3602 1434 3668 sit

295 3727 408 3814 ipsum
427 3747 611 3813 separasse.

383 3851 428 3914 X.
448 3851 561 3936 Finge
581 3848 774 3935 sphaeram,
788 3871 875 3934 (puae
895 3849 976 3915 dum
989 3856 1064 3916 tota
1083 3852 1227 3939 appellit
1240 3853 1316 3918 istis
1332 3854 1433 3919 robus

296 3976 533 4058 inferioribus,
555 3999 639 4061 quas
659 3975 824 4057 vivificet,
845 3982 919 4041 tota
938 3977 1042 4042 ctiam
1058 3977 1096 4043 in
1113 3978 1240 4043 mundo
1260 3980 1434 4067 superiore

387 4289 403 4337 2
419 4301 600 4337 suocessoem
611 4285 671 4350 (sic)
683 4288 805 4340 condtos
815 4287 854 4337 11:
865 4288 1031 4339 conditione
1043 4289 1253 4341 successionem
1266 4291 1298 4341 M
1346 4294 1376 4342 10
1388 4310 1433 4356 cy·

294 4368 520 4420 alintummas!
582 4370 619 4418 ll.
632 4370 661 4416 12
671 4369 890 4434 forsccogitaus
902 4369 935 4418 Α1
1001 4371 1038 4419 15.
1050 4372 1078 4421 17
1093 4387 1141 4420 cm.
1155 4370 1186 4419 M
1250 4373 1434 4424 llifacieudo·

297 4499 361 4534 rum
374 4483 408 4534 m
472 4484 503 4534 2-1
520 4484 715 4553 Empedocles]
728 4485 797 4536 cord
816 4485 902 4537 colato
915 4488 1102 4552 Anaxagoras
1164 4440 1302 4540 ⁸llistisael
1374 4534 1378 4545 ,
