3488 5108
724 380 864 426 manum
883 380 985 426 Bavau

403 871 468 936 DE
502 870 841 938 GENERATIONE
875 871 935 936 ET
970 869 1312 938 CORRVP'PIONE.

733 1076 793 1122 Qum
806 1076 836 1115 alt
850 1076 978 1125 generatio.

375 1297 561 1365 Generatio
575 1304 627 1364 est
644 1297 811 1383 quaedam
830 1298 1032 1365 mutationis
1051 1298 1190 1385 species,
1204 1321 1272 1384 qua
1288 1300 1421 1386 aliquid

286 1428 328 1493 de
346 1449 417 1492 non
435 1449 507 1492 esse
525 1425 743 1513 simpliciter,
763 1425 800 1490 id
822 1433 874 1492 est
892 1409 1182 1509 substantialiter,
1203 1433 1358 1493 mutatur
1377 1427 1421 1493 ad

241 1563 261 1627 5
285 1579 374 1640 esse;
391 1555 427 1621 id
447 1562 498 1621 est
519 1553 655 1640 quando
674 1554 712 1618 in
729 1553 840 1640 primo
860 1554 1028 1637 subieoto,
1046 1553 1137 1638 quod
1153 1560 1204 1620 est
1220 1555 1333 1641 prima
1353 1578 1425 1621 ma-

283 1684 386 1768 teria,
405 1682 445 1748 fit
464 1681 644 1748 innovatio
664 1679 794 1747 formae
813 1679 1052 1746 substantialis
1072 1703 1149 1746 oum
1169 1682 1241 1747 suis
1261 1683 1423 1750 omuibus

284 1808 582 1897 dispositionibuS,
603 1829 690 1904 quae
709 1806 806 1872 illam
826 1813 1090 1891 consequuntur.
1111 1803 1294 1894 Corruptio
1316 1812 1321 1893 Ι
1341 1832 1422 1876 vero
1449 1823 1542 1886 35¹⁷
1554 1823 1591 1887 ο

284 1959 302 2001 e
330 1941 450 2001 contra
478 1932 666 2000 secundum
696 1932 839 1998 eandem
865 1931 1012 1998 formam
1036 1939 1088 1997 est
1111 1934 1259 2000 mutatio
1283 1934 1325 1999 de
1351 1956 1424 2001 esse

284 2058 327 2124 ad
355 2081 425 2125 non
453 2082 534 2125 esse.
554 2059 629 2124 Hae
652 2064 769 2124 autem
799 2057 887 2122 duae
917 2057 1126 2123 mutationes
1157 2067 1239 2123 sunt
1269 2061 1423 2126 subiecto

219 2185 260 2249 10
282 2184 386 2269 idem,
407 2185 566 2271 quamvis
585 2185 812 2251 terminorum
831 2184 965 2250 ratione
984 2185 1054 2250 sint
1073 2185 1169 2250 aliud
1187 2194 1293 2272 atque
1312 2186 1424 2270 aliud,

282 2309 374 2376 idem
399 2310 492 2376 enim
512 2318 696 2396 actusque
721 2309 852 2395 aliquid
871 2318 1071 2397 generatur,
1100 2319 1153 2378 est
1178 2334 1247 2397 quo
1271 2320 1306 2378 et
1329 2313 1425 2379 aliud

284 2439 530 2525 corrumpitur,
550 2445 590 2503 ut
608 2438 790 2524 vulgatum
809 2444 862 2503 est
881 2436 1072 2524 'generatio
1092 2439 1196 2505 unius
1216 2446 1268 2504 est
1287 2460 1425 2526 corrup

282 2562 332 2628 tio
350 2563 511 2629 alterius’
539 2570 573 2628 et
592 2586 611 2629 e
634 2570 763 2629 contra.
789 2563 938 2649 Antiqui
971 2570 1006 2628 et
1041 2563 1193 2629 maxima
1227 2564 1423 2650 sapientum

282 2711 362 2776 pars
381 2691 612 2756 substantiam
626 2689 758 2755 nullam
778 2689 948 2776 generari,
967 2689 1005 2753 in
1020 2689 1109 2754 nihil
1125 2689 1263 2756 noviter
1278 2689 1355 2755 fieri
1368 2690 1423 2755 vel

220 2816 260 2881 15
284 2815 458 2902 eorrumpi
476 2814 662 2880 seeundum
681 2814 849 2879 eiusmodi
869 2813 1015 2899 speeiem
1034 2815 1296 2898 existimabant,
1317 2837 1425 2899 quan·

284 2937 476 3023 doquidem,
490 2962 595 3005 unam
608 2963 721 3006 rerum
734 2939 964 3005 substantiam
980 2939 1216 3025 intelligentes
1229 2940 1423 3026 ingenitam

285 3072 320 3130 et
338 3065 645 3152 incorruptibilem,
663 3065 890 3130 mutationem
907 3085 1044 3130 omnem
1060 3072 1094 3130 et
1112 3066 1258 3131 formam
1278 3088 1424 3150 omnem,

285 3213 373 3276 quae
384 3199 528 3278 apparet
539 3191 577 3256 in
592 3191 771 3278 superficie
787 3214 910 3274 rerum,
924 3212 1060 3256 omnem
1077 3191 1159 3256 item
1176 3192 1342 3257 virtutem
1363 3191 1368 3279 Ι
1389 3197 1424 3256 et
1450 3198 1600 3261 50⁹3

286 3323 412 3397 actum,
433 3315 471 3381 in
490 3315 694 3382 alteratione
714 3317 863 3402 quadam
883 3341 942 3382 seu
961 3316 1163 3381 accidentali
1181 3317 1373 3382 mutatione
1389 3327 1424 3382 et

218 3449 263 3513 ‘20
285 3441 452 3507 varietate
480 3441 583 3507 sitam
614 3442 797 3507 contestati
827 3449 917 3507 sunt.
947 3442 1047 3509 Unde
1077 3440 1251 3506 hominem
1281 3442 1424 3526 above,

285 3566 413 3633 animal
431 3590 451 3633 a
469 3568 603 3655 planta,
624 3567 781 3655 plantam
804 3591 824 3633 a
847 3568 1039 3654 lapidibus,
1060 3568 1196 3633 ethaeo
1220 3569 1336 3634 omnia
1354 3568 1424 3634 suis

285 3692 462 3759 elementis
475 3692 663 3759 seeundum
682 3693 913 3759 substantiam
928 3692 1016 3757 nihil
1033 3693 1171 3757 differre
1189 3694 1424 3779 protuleruut;

286 3840 421 3885 omnem
440 3827 556 3885 autem
575 3819 812 3885 diversitatem
831 3820 874 3883 ab
898 3819 1074 3884 aooidente
1101 3820 1272 3906 proficisci
1302 3821 1425 3886 sentia

286 3944 380 4010 bant.
395 3947 441 4011 Et
461 3947 577 4012 omnia
593 3970 680 4032 quae
696 3947 733 4011 in
750 3954 846 4011 motu
864 3947 1070 4030 consistunt,
1086 3954 1207 4034 utpote
1223 3949 1260 4012 in
1277 3949 1426 4014 invicem

220 4073 262 4137 25
285 4072 574 4155 transmutabilia,
589 4081 630 4137 ut
646 4072 761 4137 omnia
777 4071 863 4137 fiant
879 4096 921 4136 ex
937 4073 1110 4156 omnibuS,
1122 4082 1305 4161 propterea
1322 4095 1427 4140 unam

379 4354 408 4401 11
425 4367 482 4418 quo
499 4357 528 4402 et
544 4354 622 4404 aliud
639 4354 676 4402 B:
696 4368 753 4417 quo
770 4302 879 4419 :Ruptum
897 4363 927 4402 ot
945 4353 967 4403 0
1045 4354 1076 4401 19
1096 4351 1164 4414 dopo
1185 4358 1281 4401 actum
1303 4351 1424 4401 caracalla

285 4432 359 4482 alter
369 4433 395 4482 B
458 4435 498 4482 23.
509 4433 541 4482 24
558 4434 778 4485 eonsentiebant
793 4436 815 4484 0
