3488 5108
301 360 359 420 116
740 373 880 419 1onnnn1
901 371 1003 419 nnvni

388 530 603 597 Generaliter
621 529 730 616 igitur
748 530 786 595 in
805 529 1057 617 magnitudinis
1075 531 1125 596 rei
1145 528 1440 596 consideratione:

386 656 413 721 I.
438 655 596 722 Occurrit
614 654 704 721 ratio
723 655 832 741 longi,
851 655 915 722 lati
939 662 973 720 et
997 654 1176 743 profundi,
1193 655 1380 722 secundum
1403 655 1444 721 li·

298 804 407 865 neam,
421 781 475 846 vel
486 781 599 848 lineae
612 780 905 869 proportionalem
918 781 1148 869 superficiem,
1165 780 1221 846 vel
1237 802 1370 868 corpuS,
1387 781 1444 847 vel

299 907 353 974 his
371 906 654 996 proportionalia.
672 883 684 902 ⁸

254 1037 275 1101 5
386 1033 431 1099 II.
456 1033 696 1100 Adiectionem
726 1055 785 1099 seu
815 1031 1036 1099 adiicientem
1068 1032 1240 1119 inspicere
1268 1032 1351 1098 licet
1379 1054 1441 1119 per

298 1181 402 1245 quam
422 1165 458 1225 et
476 1183 496 1224 a
515 1180 583 1245 quo
602 1158 734 1245 aliquid
753 1157 902 1224 efficitur
920 1180 1095 1244 magnum.

386 1286 451 1352 III.
479 1284 772 1367 Adolescentiam,
806 1290 1045 1371 augmentum,
1081 1306 1243 1367 crescere,
1279 1283 1440 1370 gliscere,

298 1409 495 1498 aggregari,
515 1410 723 1493 coacervari,
741 1408 890 1496 congeri.

386 1535 445 1602 IV.
471 1534 634 1621 Sequitur
657 1543 697 1601 ut
720 1534 944 1621 inspiciamus
973 1533 1276 1621 complementum,
1307 1533 1443 1620 supple·

233 1661 275 1725 10
297 1668 465 1745 mentum,
485 1659 816 1748 pinguefactionem,
837 1659 929 1745 quod
947 1658 1081 1743 adiicit,
1102 1658 1313 1746 magnificat.

340 1850 343 1855 .
386 1786 426 1853 V.
461 1786 718 1872 Integritatem,
757 1785 982 1868 totalitatem,
1024 1785 1200 1884 expletum
1239 1807 1325 1870 esse,
1360 1806 1441 1852 auc·

297 1917 373 1976 tum
392 1933 474 1977 esse.

384 2037 443 2102 VI.
466 2028 729 2123 Magnificatum
759 2060 844 2122 esse,
864 2036 920 2103 cni
943 2036 1141 2103 deserviunt
1165 2035 1331 2102 adverbia
1360 2058 1440 2101 ma·

296 2185 490 2252 gnopere,
510 2163 782 2229 vehementer.

231 2294 272 2357 15
384 2289 462 2355 VII.
483 2289 714 2376 Consequitur
732 2288 920 2372 sublatum,
939 2311 1132 2376 procerum.

384 2414 481 2480 VIII.
507 2415 570 2481 Cni
590 2414 678 2480 nihil
694 2414 802 2500 deest,
822 2415 1008 2501 integrum.

385 2539 450 2605 IX.
475 2539 617 2627 Ingens,
636 2540 781 2628 pingue,
801 2540 964 2624 immane,
985 2547 1134 2606 vastum.

384 2666 429 2730 X.
454 2665 519 2732 Oui
537 2667 597 2731 vix
617 2665 795 2753 quidpiam
813 2666 869 2731 vel
887 2665 975 2732 nihil
995 2665 1075 2732 addi
1094 2672 1219 2753 potest.

382 2791 447 2856 XI.
466 2791 523 2857 Ad
540 2798 681 2873 metam,
702 2790 746 2857 ad
763 2791 946 2876 iustitiam,
968 2790 1012 2857 ad
1031 2791 1206 2878 integrum
1225 2790 1412 2856 redactum.
1450 2774 1455 2781 ⁵

384 2918 466 2984 XII.
488 2918 683 3004 Sufficiens,
703 2919 853 3001 iuxtum,
874 2918 1047 2985 eximium.

382 3043 484 3109 XIII.
508 3043 573 3110 (lui
596 3043 753 3110 additum
777 3044 909 3130 aliquid
936 3052 1025 3111 esset
1053 3044 1265 3132 superfluum
1294 3067 1353 3111 seu
1381 3067 1436 3110 su·

295 3191 529 3257 pervacuum.

384 3294 480 3359 XIV.
504 3293 697 3378 Prolixum,
726 3295 939 3382 elongatum,
964 3296 1129 3382 amplum,
1159 3295 1355 3379 dilatatum,
1382 3319 1437 3362 ex·

294 3441 452 3508 pansum.

228 3552 272 3615 25
384 3545 464 3611 XV.
489 3545 725 3630 Foecundum,
745 3546 924 3632 irriguum.

383 3673 479 3738 XVI.
493 3671 680 3756 Inundans,
695 3672 883 3755 luxurians,
898 3677 1042 3755 scatens,
1056 3671 1206 3755 effluens,
1218 3694 1439 3760 exsuperans

383 3798 498 3863 XVII.
521 3797 802 3879 Immoderatum,
824 3798 897 3862 sine
916 3797 1016 3863 modo
1036 3805 1070 3864 et
1089 3822 1261 3865 mensura.

383 3922 516 3987 XVIII.
542 3921 759 4004 Indefioiens,
780 3921 1006 4006 irremissum,
1021 3924 1197 3990 extensive
1213 3932 1248 3990 et
1264 3923 1436 3990 intensive

296 4047 477 4112 excellens.

387 4285 437 4335 5.ss
454 4301 503 4350 per
519 4299 621 4350 quaem
639 4282 706 4349 (ciel
723 4299 807 4349 quem
824 4301 897 4335 corr.
923 4284 953 4335 in
977 4285 1115 4351 quam)A
1179 4288 1377 4338 8ooacervari
1395 4285 1440 4337 M:

295 4380 464 4418 coacervare
487 4367 509 4416 A
580 4367 610 4417 15
635 4365 742 4417 elatum
764 4365 798 4417 Μ
861 4367 944 4419 2l.22
969 4382 1178 4432 supervacuum
1204 4370 1245 4420 A:
1271 4383 1441 4434 supervacn-

295 4462 381 4498 neum
398 4446 430 4496 M
492 4448 524 4496 26
541 4461 718 4512 exsuperans
734 4448 805 4511 (es...
819 4447 865 4511 ΑΙ)
880 4448 917 4498 A:
936 4463 1097 4514 exuperans
1108 4448 1142 4498 M
