3488 5108
736 380 876 425 leuvam
898 378 1001 425 unvul

582 890 646 955 DE
682 890 889 955 VIRTVTE
925 887 1159 957 NOMINVM.

387 1257 444 1323 Ad
462 1257 546 1323 haec
566 1256 671 1321 etiam
690 1254 863 1343 principia
880 1254 1034 1342 pertinet
1052 1253 1267 1321 considerare
1285 1255 1362 1322 vim
1378 1278 1457 1322 ma·
1603 1260 1609 1289 ²

297 1405 401 1468 gnam
421 1380 563 1448 insitam
580 1403 653 1446 esse
670 1380 708 1445 in
727 1379 946 1463 nominibus,
964 1402 1042 1444 cum
1061 1401 1207 1465 quorum
1225 1379 1360 1448 virtute
1379 1380 1457 1447 for-

297 1514 418 1575 tunam
433 1515 468 1572 et
487 1512 617 1572 statum
636 1505 686 1571 rei
705 1505 904 1571 nominatae
924 1527 1059 1571 currere
1078 1504 1294 1589 existimant,
1311 1511 1456 1594 praete·

252 1632 422 1718 5reaque
452 1654 529 1698 cum
563 1631 744 1698 nominum
777 1631 970 1697 mutatione
1001 1630 1186 1697 convenire
1213 1630 1454 1698 mutationem

296 1757 458 1823 fortunae
487 1759 542 1823 vel
572 1757 668 1844 genii
696 1756 838 1844 plurimi
866 1755 1050 1822 affirmant.
1068 1756 1144 1822 Hoc
1169 1755 1353 1822 credidisse
1379 1757 1454 1823 He-

295 1883 429 1967 braeos,
448 1884 597 1948 Graecos
613 1888 647 1947 et
663 1883 748 1946 alias
764 1888 898 1968 gentes,
918 1904 980 1969 per
998 1880 1092 1947 edita
1106 1887 1158 1947 est
1177 1880 1278 1947 valde
1297 1880 1455 1948 manife-

297 2018 405 2094 stum;
435 2008 586 2097 primum
616 2030 697 2075 vero
724 2007 776 2073 hii
807 2007 866 2095 qui
890 2008 1001 2094 magis
1025 2007 1187 2095 religioni
1207 2012 1243 2072 et
1259 2007 1341 2073 fidoi
1360 2014 1451 2074 sunt

298 2134 441 2220 addicti,
473 2141 508 2200 et
542 2133 602 2220 qui
632 2133 745 2198 Deum
769 2132 857 2197 nihil
887 2154 1069 2220 perperam
1097 2131 1211 2197 facere
1229 2130 1360 2197 habent
1378 2154 1449 2219 pro

233 2279 274 2341 10
296 2260 468 2347 principio
487 2267 523 2325 et
546 2259 733 2342 axiomata,
765 2280 836 2324 non
866 2258 940 2324 sine
968 2280 1070 2324 causa
1093 2257 1252 2345 pluribus
1281 2257 1449 2345 patribus

295 2385 436 2452 nomina
458 2392 609 2451 mutasse
633 2384 891 2449 concionantur.
911 2384 1085 2449 Mutatum
1103 2382 1172 2449 fuit
1191 2383 1284 2449 enim
1314 2405 1450 2449 nomen

295 2510 498 2593 Abrahami,
519 2517 553 2575 et
572 2509 693 2575 dicunt
713 2509 908 2575 Gabalistae
927 2509 965 2573 in
984 2509 1113 2574 virtute
1130 2508 1234 2574 unius
1258 2507 1397 2575 litterae
1418 2521 1449 2588 Π

296 2635 393 2700 illum
415 2634 639 2719 acquisivisse
657 2635 859 2700 facultatem
878 2633 1077 2719 generandi.
1095 2633 1192 2699 Ideni
1209 2632 1330 2700 dicunt
1350 2633 1448 2720 quod

296 2783 373 2826 cum
404 2760 542 2825 deberet
570 2760 673 2825 Iacob
701 2783 857 2846 praeesse
880 2759 983 2825 fratri
1006 2766 1042 2824 et
1066 2759 1232 2846 gentibus
1256 2782 1318 2846 per
1340 2758 1447 2824 bene·

233 2892 271 2955 15
295 2886 480 2951 dictionem
505 2894 539 2950 et
562 2885 884 2973 primogenituram,
904 2892 1075 2950 mutatum
1093 2885 1199 2950 fuisse
1223 2885 1295 2950 eius
1314 2907 1445 2950 nomen

296 3012 332 3076 in
352 3012 524 3076 Israelem.
545 3011 633 3075 Item
651 3010 692 3075 (le
711 3011 820 3094 Isaac,
842 3011 883 3075 de
914 3010 1012 3076 Sarai
1043 3011 1080 3075 in
1112 3011 1243 3076 Saram.
1274 3011 1316 3075 In
1344 3010 1444 3075 volu·

295 3137 386 3200 minc
416 3136 499 3200 item
528 3135 804 3201 Christianorum
834 3136 1031 3202 invenimus
1059 3135 1235 3201 Christum
1262 3134 1442 3200 Simonem

295 3260 488 3326 Galilaeum
508 3261 698 3347 appellasse
715 3263 871 3344 Petrum,
886 3262 969 3326 item
982 3260 1150 3346 Cepham3
1173 3261 1177 3347 Ι
1199 3260 1337 3325 Saulem
1358 3281 1444 3344 quo·
1470 3272 1569 3335 531·

295 3408 360 3470 que
379 3409 457 3451 cum
473 3386 510 3449 in
526 3409 587 3451 vas
602 3386 780 3451 electionis
799 3387 903 3451 vellet
916 3407 1132 3472 promovere,
1150 3392 1283 3451 mutato
1299 3385 1442 3450 nomine

226 3527 270 3589 ‘20
293 3512 482 3599 appellavit
503 3511 601 3576 illum
621 3511 777 3575 Paulum.
795 3510 990 3576 Observant
1009 3510 1073 3575 hoo
1085 3510 1255 3597 plurimae
1273 3510 1443 3576 Christia-

293 3658 416 3701 norum
436 3643 560 3717 sectae,
581 3643 621 3700 ut
646 3659 721 3700 oum
751 3635 792 3699 de
816 3636 913 3700 laicis
945 3635 1160 3722 recipiuntur
1188 3636 1225 3700 in
1256 3658 1439 3701 numerum

294 3761 562 3845 cucullatorum,
582 3761 638 3827 vel
658 3761 699 3825 de
720 3761 851 3825 clericis
869 3761 905 3824 iu
925 3783 1106 3825 numerum
1124 3761 1348 3844 Pontificum,
1364 3784 1443 3848 per-

293 3910 411 3973 peram
442 3887 583 3952 nomina
619 3893 770 3969 mutant,
803 3888 912 3951 solum
946 3887 1119 3971 sequendo
1155 3886 1441 3952 consuetudinem

385 4150 401 4198 8
417 4167 470 4213 sqq.
481 4149 515 4212 cf.
528 4147 644 4212 :lpripp
657 4148 697 4197 Dc
705 4147 797 4197 occult.
808 4145 908 4212 philos.
915 4166 946 4212 p.
957 4150 1008 4197 371
1057 4149 1085 4197 11
1103 4148 1312 4199 concionantur
1322 4148 1425 4215 Noroff
1432 4167 1439 4199 ε

293 4222 482 4281 concinantur
506 4229 536 4278 M
600 4230 680 4277 ll.l·.l
706 4227 771 4277 Gen.
800 4229 868 4285 17,5
941 4228 970 4277 12
995 4227 1138 4292 :lt'orofft
1157 4240 1177 4282 Γῐ
1199 4227 1231 4277 Μ
1300 4229 1330 4278 13
1352 4243 1440 4291 gono·

293 4314 412 4414 rasili-‚r-
427 4363 460 4412 M
520 4363 559 4412 15.
570 4363 600 4410 16
619 4360 683 4411 Gen.
700 4364 745 4421 32,
764 4362 806 4410 28.
824 4362 863 4420 17,
877 4364 905 4409 15
971 4360 1008 4410 1ἳ.
1021 4364 1050 4411 18
1063 4361 1160 4410 Mallia
1176 4364 1216 4422 lt',
1234 4364 1265 4410 17
1273 4379 1309 4425 aq.
1323 4360 1438 4414 [eleana.

299 4446 430 4505 1,42είο.
497 4444 526 4492 18
538 4441 708 4492 Gallilacum
722 4441 754 4491 M
817 4442 848 4491 19
864 4441 921 4491 Aa.
935 4440 1027 4505 apost.
1044 4444 1112 4503 13‚9
