3488 5108
294 404 334 462 64
739 415 878 461 roncini
899 416 1000 462 nurui

381 575 493 664 (XII.)
520 575 638 643 Unum
666 572 990 640 universalitate
1012 564 1126 658 notat,
1148 574 1152 661 Ι
1174 573 1267 660 quod
1295 573 1437 640 circum·
1463 572 1582 637 126ν

295 723 429 787 quaque
449 708 483 767 et
502 721 776 787 quaqueversum
795 698 909 765 radios
928 697 1103 765 adomnia
1123 698 1262 765 emittit.

382 826 513 912 (XIII)
536 825 654 893 Unum
678 846 829 913 genere
853 830 966 910 notat,
990 824 1083 911 quod
1108 825 1223 892 omnia
1247 830 1341 892 astra
1359 824 1439 891 illu·

295 951 415 1018 minat.

250 1094 270 1156 5
385 1078 511 1171 (XIV.)
534 1078 651 1145 Unum
675 1076 825 1164 speeie,
853 1076 944 1162 quod
968 1075 1149 1144 duodecim
1172 1076 1314 1144 Zodiaci
1337 1077 1439 1165 signa

294 1227 354 1271 seu
372 1201 536 1271 animalia
554 1204 753 1290 perlustrat.

382 1330 461 1396 XV.
481 1330 600 1398 Unum
631 1350 812 1412 numere,
844 1327 936 1414 quod
963 1328 1090 1394 Leonis
1120 1327 1261 1415 signum
1285 1328 1353 1395 sibi
1382 1352 1440 1417 ap

294 1456 462 1544 propriat.

383 1581 481 1646 XVI.
505 1580 624 1646 Unum
648 1579 824 1663 ratione,
845 1579 938 1666 quod
958 1585 1106 1665 quatuor
1129 1600 1236 1667 equos
1255 1579 1337 1666 iugo
1361 1581 1440 1647 sub-

229 1719 272 1783 10
295 1706 406 1773 mittit
425 1705 546 1771 eidem.

383 1831 499 1896 XVII.
523 1830 641 1898 Unum
666 1829 864 1913 subiecto,
890 1829 982 1916 quod
1006 1852 1048 1895 ex
1073 1830 1245 1896 universis
1268 1854 1359 1898 unus
1383 1831 1439 1898 de·

294 1958 496 2023 nominatur
515 1954 578 2040 sol,
600 1955 758 2042 quamvis
777 1955 846 2021 alia
866 1955 1032 2042 cuiusque
1050 1955 1096 2022 sit
1115 1955 1271 2023 definitio
1291 1956 1438 2024 membri

294 2089 399 2169 atque
417 2089 551 2148 natura.

382 2209 516 2274 XVIII.
527 2209 645 2277 Unum
661 2208 978 2295 compositione,
990 2208 1206 2276 considerata
1222 2210 1261 2275 in
1275 2210 1436 2278 omnibus

230 2348 270 2411 15
294 2334 490 2403 insensibili
509 2335 654 2401 materia
673 2342 708 2400 et
726 2333 855 2400 illustri
875 2334 996 2401 formu.

383 2462 485 2527 XIX.
499 2462 618 2530 Unum
635 2468 1037 2548 contemperamento
1054 2466 1206 2543 notatur,
1216 2483 1258 2525 ex
1270 2459 1437 2552 co<quod)

293 2588 346 2653 illi
370 2587 485 2655 adstat
508 2585 735 2673 Aesculapius
764 2585 915 2653 medicus
934 2585 1119 2673 pharmaca
1149 2587 1373 2654 commiscens
1402 2595 1437 2654 et

294 2720 563 2799 contemperans

382 2838 467 2903 XX.
491 2837 611 2905 Unum
635 2837 837 2902 mixtione
861 2837 1033 2923 significet
1057 2836 1162 2923 idem,
1188 2838 1269 2904 dum
1299 2862 1341 2905 ex
1363 2838 1438 2927 pul·

228 2977 272 3039 20
295 2987 374 3030 vere
394 2972 428 3029 et
448 2986 538 3049 aqua
557 2962 788 3028 medicamina
807 2963 954 3029 conficit.

383 3090 484 3154 XXI.
505 3090 622 3158 Unum
643 3089 917 3172 resolutione,
937 3095 976 3154 ut
996 3089 1047 3155 sol
1065 3089 1168 3175 ignea
1184 3089 1318 3157 virtute
1338 3113 1439 3176 quae·

292 3214 372 3280 dam
404 3214 663 3280 circumstantia
698 3213 887 3280 accendens
918 3214 955 3278 in
990 3221 1122 3280 atomos
1156 3215 1312 3299 resolvit,
1349 3238 1437 3301 quae

292 3363 401 3406 unum
420 3340 578 3426 idemque
597 3341 836 3406 universorum
854 3339 1067 3427 principium
1090 3341 1277 3426 habentur,
1298 3341 1380 3428 quia
1399 3341 1437 3408 in

294 3467 430 3533 easdem
449 3467 565 3533 omnia
582 3467 815 3549 resolvuntur3
831 3465 922 3531 unde
942 3473 976 3531 et
994 3467 1111 3532 omnia
1129 3490 1239 3533 unum
1258 3466 1436 3550 dicuntur,

228 3603 270 3665 25
295 3593 376 3678 quia
394 3616 463 3658 una
483 3592 637 3659 omnium
656 3592 852 3658 substantie
870 3592 1059 3657 invenitur.

382 3717 503 3783 XXII.
523 3719 640 3786 Unum
661 3717 907 3784 confusione
931 3717 1148 3803 significatur
1166 3741 1227 3804 per
1246 3724 1381 3783 noctem
1402 3725 1436 3784 et

295 3845 465 3926 umbram,
484 3866 571 3929 quae
587 3843 724 3929 fugiens
741 3843 931 3925 antecedit,
949 3866 1016 3929 qna
1032 3843 1167 3910 ratione
1183 3865 1290 3909 unum
1308 3842 1436 3909 dicitur

295 3971 420 4052 Chaos,
446 3994 535 4036 unus
558 3971 675 4036 vultus
692 3970 853 4036 videlicet
866 3977 1009 4058 propter
1028 3970 1260 4057 privationem
1280 3971 1434 4036 omnium
1495 3986 1498 3991 '

294 4098 466 4180 vultuum,
487 4096 641 4162 omnium
661 4096 828 4179 colorum;
852 4096 943 4162 unde
966 4098 1005 4162 in
1029 4096 1182 4162 tenebris
1205 4119 1324 4162 omnes
1349 4097 1436 4162 colo-

228 4237 272 4299 30
295 4247 347 4287 res
367 4230 448 4288 sunt
467 4221 667 4287 indifferens
686 4245 805 4287 unum.

387 4405 472 4454 l.3.5
498 4403 526 4454 in
548 4402 751 4455 coaliaaozione
770 4422 849 4456 senaa
868 4402 973 4456 annueri
993 4406 1017 4455 A
1082 4408 1097 4456 7
1123 4407 1247 4457 Leonem
1269 4407 1383 4472 signum
1406 4404 1439 4455 M

296 4487 324 4535 ll
342 4482 454 4535 innanzi
467 4504 483 4534 a
496 4485 625 4553 subjecto
640 4488 759 4537 caracalla
771 4486 940 4552 compositio
953 4487 978 4536 A
1042 4487 1073 4537 lG
1090 4485 1166 4554 quod
1177 4504 1226 4539 em.
1239 4486 1263 4537 A
