3488 5108
1440 410 1500 469 639

359 577 438 637 bene
453 575 656 652 incedentem,
676 576 767 636 aliam
787 577 865 637 benc
886 577 1076 657 loquentem,
1092 581 1183 640 aliam
1203 583 1282 644 bene
1301 628 1484 646 .............

359 682 449 743 aliam
468 729 531 744 .....
551 685 557 756 Ι
575 729 711 743 ..........
729 703 789 744 una
807 730 888 745 ......
908 687 1077 747 omnia
1098 688 1230 751 amabili.

440 790 491 850 Ita
506 790 590 850 nulla
605 797 654 851 ast
670 790 812 851 absoluta
824 790 944 853 iustitia
960 813 1018 852 nec
1035 795 1187 874 sapientia
1202 815 1279 874 qnae
1294 798 1425 857 animum
1442 797 1505 857 vin·
1531 808 1573 868 1v

362 899 434 976 ciat,
454 898 534 960 sicut
550 899 635 959 nulla
663 907 711 960 est
728 919 870 961 mensura
897 901 957 960 cibi
984 902 1034 961 vel
1053 902 1059 980 Ι
1077 910 1169 981 potua
1198 923 1275 980 quae
1303 905 1442 966 omnibus
1464 905 1506 966 sit

315 1011 337 1076 5
360 1008 600 1070 adcommodata.

440 1115 595 1194 Quidquid
612 1115 742 1177 dicimus
759 1116 799 1177 de
817 1117 958 1196 pulchro,
976 1117 1060 1179 idem
1082 1119 1120 1181 de
1143 1120 1225 1200 turpi
1246 1141 1302 1199 per
1319 1122 1504 1182 contrarium

360 1221 420 1282 dici
438 1231 552 1301 potest.

441 1329 600 1403 Quidlibet
614 1331 748 1392 vincitur
760 1331 886 1411 pulchro
899 1331 938 1391 ud
950 1352 984 1393 se
998 1339 1031 1393 et
1046 1352 1106 1392 non
1118 1332 1244 1410 pulchro
1260 1333 1299 1393 ad
1315 1333 1399 1393 aliud
1415 1335 1505 1395 aliter

360 1443 392 1496 et
407 1435 505 1511 bono;
529 1444 560 1498 et
580 1436 721 1517 fallalcia
741 1436 923 1498 iudiciorum
944 1438 1016 1499 hinc
1043 1438 1198 1517 dependet
1224 1439 1363 1500 maxime.
1391 1439 1506 1500 Videat

295 1546 338 1611 10
361 1559 435 1618 ergo
454 1539 554 1604 index.

442 1650 521 1710 Sunt
537 1670 614 1727 quae
632 1651 769 1712 vinciunt
788 1671 850 1712 non
872 1653 921 1714 aui
941 1653 997 1714 aed
1019 1653 1148 1716 alterius
1174 1655 1306 1727 ratione,
1330 1662 1365 1714 ut
1386 1674 1503 1732 aurnm;

360 1775 511 1834 nusquam
528 1759 608 1818 enim
626 1777 681 1837 per
698 1777 741 1818 se.

440 1865 500 1926 Eat
513 1865 666 1927 vinculum
680 1866 823 1944 cathena,
840 1867 928 1944 ordo,
945 1868 1073 1931 daemon
1089 1889 1231 1947 magnus,
1248 1890 1309 1946 quo
1324 1868 1425 1930 omnia
1443 1869 1506 1930 vin·

367 1971 495 2033 ciuntur.

1492 632 1499 661 l

298 2079 339 2143 15
444 2082 660 2162 Apprehensio
683 2083 782 2159 utilis,
805 2084 876 2158 quia
897 2084 1008 2144 bonum
1027 2093 1075 2145 eat
1095 2083 1296 2145 similitudine
1314 2086 1363 2145 vol
1382 2104 1438 2163 spe
1456 2086 1506 2146 vol

361 2193 465 2271 specio
483 2191 579 2253 vincit
595 2191 713 2252 ratione
730 2192 897 2270 curiporea
913 2199 946 2252 et
961 2191 1149 2270 incorporea.

442 2298 529 2359 Idem
543 2297 654 2358 dicitur
667 2298 780 2357 bouum
790 2298 943 2370 alliciens,
954 2297 1127 2376 pulchrum,
1140 2298 1233 2358 animi
1245 2298 1407 2359 vinculum.
1425 2300 1506 2360 Hinc

361 2405 438 2467 deus
452 2405 564 2466 dicitur
582 2405 587 2484 Ι
605 2404 787 2466 circulorum
801 2404 1040 2485 pulchritudinis
1054 2425 1109 2466 seu
1122 2405 1235 2467 vinculi
1251 2414 1399 2482 centrum,
1413 2426 1431 2465 a
1446 2427 1506 2483 quo

359 2520 503 2591 quattuor
520 2512 526 2593 Ι
543 2512 729 2590 vinciuntur,
748 2522 782 2575 nt
802 2515 842 2574 ab
863 2514 930 2593 ipso
952 2524 1106 2589 nequeant
1127 2514 1270 2575 recedere
1292 2514 1321 2572 ni
1341 2513 1437 2574 velint
1454 2514 1505 2573 nd-

293 2613 338 2678 20
360 2620 490 2681 nihilari.
511 2624 515 2693 Ι
533 2621 620 2681 Haec
636 2639 703 2682 cum
718 2630 909 2697 moveantur,
926 2629 1086 2681 moventur
1103 2620 1172 2681 ideo
1188 2621 1268 2681 circa
1285 2622 1384 2700 ipsum
1402 2622 1432 2680 in
1450 2623 1505 2681 cir-

361 2728 475 2788 culum:
503 2735 535 2788 et
553 2728 558 2808 Ι
576 2726 676 2805 ipsum
700 2748 759 2788 nou
788 2729 886 2788 miuus
914 2737 1068 2804 nequeunt
1096 2728 1276 2803 destituere,
1300 2748 1388 2804 quam
1418 2747 1504 2788 snum

360 2854 497 2913 quaeque
524 2832 770 2896 circumferentia
795 2844 799 2905 Ι
821 2843 969 2896 centrum.
1003 2835 1080 2895 Sunt
1105 2855 1178 2913 ergo
1207 2836 1239 2895 4‘
1266 2835 1386 2896 circuli:
1405 2855 1504 2911 mons,

351 2918 473 3016 ¹anima,
492 2951 613 3019 natura,
633 2941 770 3002 materia.
789 2942 794 3022 Ι
813 2942 902 3002 Mens
919 2963 974 3022 par
995 2962 1029 3004 ae
1051 2943 1186 3018 stabilia,
1205 2942 1305 3003 anima
1323 2960 1378 3020 par
1395 2961 1428 3000 sa
1446 2963 1507 3001 ino·

360 3046 444 3120 bilis,
468 3055 577 3107 natura
598 3048 721 3107 mobilis
741 3050 772 3108 in
793 3049 853 3109 alio
875 3069 935 3109 non
953 3051 958 3131 Ι
976 3051 1015 3109 ab
1036 3052 1108 3127 alio,
1133 3048 1260 3111 materia
1281 3049 1403 3109 mobilis
1426 3050 1457 3107 in
1474 3059 1507 3109 et

296 3157 338 3219 95
362 3157 401 3215 ab
418 3154 488 3215 alio.
516 3156 601 3218 Deus
629 3165 678 3216 ast
707 3156 858 3216 vinculum
879 3166 910 3217 at
932 3157 1107 3235 pulchrum
1130 3157 1188 3217 eibi
1210 3167 1243 3217 et
1263 3157 1341 3217 aliis.
1369 3157 1419 3216 Ab
1447 3157 1505 3216 boc

362 3273 467 3325 centro
486 3267 506 3325 4
526 3265 579 3325 illa
595 3264 794 3344 procedentia
809 3265 841 3324 in
857 3264 938 3325 idom
957 3265 962 3345 Ι
980 3264 1081 3325 redire
1100 3265 1248 3340 nituntur,
1265 3273 1297 3325 et
1313 3265 1382 3324 ideo
1401 3264 1507 3325 circuli

362 3372 511 3433 rationem
528 3374 668 3435 subeunt.

442 3479 605 3540 Vinculum
622 3478 859 3560 pulchritudinis
877 3479 988 3540 dicitur
1005 3490 1092 3542 actus
1109 3500 1164 3542 seu
1181 3478 1286 3541 radius
1303 3482 1387 3557 boni,
1408 3481 1506 3560 primo

362 3583 494 3647 diffusus
506 3586 537 3646 in
554 3587 717 3667 menitem,
731 3586 865 3648 secundo
877 3587 907 3647 in
922 3587 1065 3664 animam,
1079 3588 1170 3648 tertio
1185 3587 1216 3646 in
1233 3595 1384 3665 naturam,
1397 3596 1506 3663 quarto

296 3683 340 3748 30
361 3693 392 3753 in
410 3693 577 3754 materiam.
596 3693 665 3754 Hoc
682 3701 815 3755 mentem
855 3694 1006 3753 rationum
1027 3693 1133 3754 ordine
1155 3692 1293 3769 decorat,
1312 3693 1441 3752 animam
1459 3712 1506 3750 ra-

362 3800 478 3861 tionum
493 3800 572 3861 serie
587 3801 732 3881 complet,
751 3808 892 3861 naturam
909 3806 914 3871 Ι
933 3800 1100 3860 seminibus
1111 3799 1212 3876 fulcit,
1227 3800 1386 3860 motorium
1400 3798 1507 3859 formis

363 3915 499 3969 exornat.
515 3908 591 3969 Ideo
605 3908 761 3969 vinculum
779 3916 784 3983 1
801 3908 860 3968 hoc
875 3915 924 3969 ast
937 3906 1084 3988 splendor
1095 3906 1190 3967 divini
1204 3906 1314 3966 nullus.
1330 3906 1389 3978 Qui
1402 3904 1508 3965 radius

458 4159 474 4207 3
489 4172 541 4210 nec
551 4157 692 4223 capientia
699 4172 784 4221 sopra
796 4172 867 4223 quae
878 4157 1005 4207 animum
1015 4157 1057 4206 Br
1120 4158 1150 4205 ll
1169 4160 1201 4204 ut
1210 4170 1312 4205 aurum
1321 4170 1407 4218 sopra
1419 4169 1508 4203 corre-

364 4236 486 4288 aioucBr
548 4240 579 4289 15
592 4239 705 4289 silitud⁰
719 4237 764 4287 val
774 4252 825 4303 epe
835 4236 880 4287 vel
890 4237 985 4302 specio
996 4235 1055 4301 (ric)
1066 4235 1108 4286 Br
1171 4235 1201 4285 17
1215 4251 1270 4299 sqq.
1280 4235 1310 4285 in
1319 4251 1403 4298 marp.
1413 4236 1507 4284 olerum

361 4318 461 4383 parole
476 4317 588 4369 italicar
607 4320 707 4383 (Amor
724 4317 818 4368 simile
834 4317 861 4368 al
880 4318 965 4367 lacco
984 4351 1095 4368 ........
1114 4313 1129 4366 ὁ
1151 4315 1179 4365 al
1204 4330 1299 4366 mezzo
1318 4349 1471 4367 ...........
1482 4314 1506 4379 l)

366 4398 743 4465 18cir(?){circulorumBr¹
775 4396 1038 4462 21suum1q..Br¹
1071 4395 1343 4460 dimicaretur
1374 4396 1508 4447 2licircu·

365 4480 431 4532 loru
444 4478 524 4546 (aiot)
538 4479 590 4529 Br¹
653 4479 692 4530 30.
703 4479 734 4530 82
751 4479 786 4542 qs.
795 4494 826 4545 p.
840 4478 902 4537 642,
914 4478 948 4526 31
961 4493 1016 4543 sqq.
1080 4478 1111 4529 &2
1128 4476 1235 4539 nullus]
1251 4475 1288 4527 sic
1303 4475 1344 4527 Br
