3488 5108
668 422 798 466 neuras
817 421 975 468 'rarorum
998 423 1205 470 ernrvnavu.
1468 408 1507 470 75

453 576 550 642 VIII.
585 577 801 665 Principium
832 578 1059 666 inpulsivum‚
1084 580 1318 666 imitativum,
1350 581 1505 648 adducti-

364 723 459 785 vum,
480 702 697 769 inductivum
716 727 778 790 per
795 703 1003 791 Cupidinem
1022 706 1259 773 stimulantem
1279 715 1451 774 notamus

453 828 517 894 IX.
549 829 764 918 Principium
791 831 1030 916 intrinsecum,
1056 833 1274 900 consentiens
1297 833 1505 921 supponitur
1530 837 1638 901 131r

364 975 405 1016 ex
424 953 572 1040 appulsu
591 955 784 1022 voluntatis
803 963 838 1021 et
864 957 994 1024 liberae
1014 959 1191 1025 electionis
1216 959 1308 1025 inter
1332 958 1508 1026 attrahen-

319 1083 340 1144 ὃ
364 1087 434 1143 tem
453 1084 488 1144 et
506 1080 744 1165 impellentem
763 1081 957 1148 mediantis.

453 1204 498 1269 X.
522 1204 652 1272 Caussa
673 1207 891 1293 permittam,
918 1207 1035 1276 sinens
1061 1209 1279 1296 significatur
1303 1233 1365 1298 per
1388 1209 1506 1277 Iovem

362 1328 539 1396 videntem
559 1337 594 1397 et
610 1339 780 1418 agentem.

452 1455 515 1521 XI.
532 1456 733 1543 Indulgens
748 1458 946 1526 condonans
958 1460 1176 1547 significatur
1187 1483 1249 1548 per
1260 1461 1379 1527 lovem
1391 1460 1505 1549 ipsum

364 1603 384 1645 a
403 1582 552 1647 vinculis
570 1582 770 1649 solventem.

296 1713 340 1776 10
451 1709 534 1773 XII.
558 1709 687 1775 Caussa
707 1718 922 1797 pertentans
946 1711 1139 1799 periculum
1162 1710 1309 1795 faciens,
1327 1712 1506 1800 experiens

362 1833 579 1919 significatur
598 1858 659 1922 per
678 1835 762 1901 duas
783 1842 876 1902 utres
900 1859 986 1922 quas
1010 1837 1087 1905 Iovi
1106 1836 1246 1920 obiecit,
1267 1844 1306 1903 ut
1329 1836 1429 1905 illum
1453 1838 1508 1904 de-

362 1957 500 2046 ciperet.

451 2085 552 2150 XIII.
577 2085 732 2153 Probans
751 2093 786 2153 et
806 2086 950 2154 laudans
967 2087 1140 2154 indicatur
1154 2111 1217 2175 per
1234 2087 1301 2156 hoc
1324 2088 1416 2174 quod
1432 2088 1506 2155 eius

360 2210 446 2277 facti
465 2231 645 2296 nunquam
663 2211 885 2299 poenituerit.

297 2336 338 2400 15
450 2336 547 2403 XIV.
572 2337 779 2422 Consilium,
800 2338 1002 2421 adhortans
1027 2338 1245 2426 praecipiens
1274 2345 1415 2405 notatur
1443 2361 1505 2426 per

361 2463 571 2529 Mercurium
590 2470 625 2529 et
643 2463 851 2551 Cupidinem
866 2470 901 2530 et
916 2435 1110 2531 ldinervam
1126 2464 1298 2531 dictantes
1315 2464 1505 2551 negotium.

450 2588 528 2655 XV.
553 2589 770 2676 Praeparane
801 2596 835 2654 et
857 2588 1044 2678 disponens
1074 2589 1293 2675 significatur
1324 2612 1385 2676 per
1413 2589 1504 2655 vasis

362 2713 540 2780 Pandorae
560 2716 862 2781 constructionem.

449 2839 546 2906 XVI.
571 2840 753 2924 limitans,
773 2841 987 2907 exsuscitans
1006 2840 1224 2928 significatur
1244 2862 1306 2927 per
1325 2839 1417 2925 ignis
1436 2839 1506 2905 suf-

294 2973 339 3035 20
360 2963 583 3049 iurationem,
605 2988 673 3052 qua
692 2967 844 3032 Deorum
863 2966 930 3031 sibi
950 2965 1138 3033 concitavit
1158 2964 1286 3031 odium.

450 3089 565 3158 XVII.
601 3092 758 3179 Eligens,
789 3090 975 3158 decernens
1005 3089 1222 3177 significatur
1250 3112 1312 3178 per
1346 3089 1383 3154 id
1411 3088 1503 3175 quod

360 3215 398 3280 in
433 3224 585 3282 montem
620 3217 809 3283 Caucasum
840 3216 1086 3283 devinciendus
1116 3238 1136 3281 a
1171 3216 1247 3282 Diis
1277 3214 1384 3281 fuerit
1414 3214 1506 3279 diiu-

361 3341 503 3408 dicatus.

449 3468 584 3534 XVHI.
609 3469 801 3551 Maturans,
837 3469 1030 3535 accelerans
1062 3468 1117 3533 vel
1147 3465 1327 3533 retardans
1360 3472 1502 3530 notatur

294 3607 337 3672 25
360 3616 422 3679 per
447 3593 667 3660 sedulitatem
687 3595 835 3660 vulturis
855 3617 912 3660 cor
936 3594 1030 3659 illius
1054 3593 1268 3659 corrodentis
1293 3599 1328 3657 et
1352 3590 1502 3656 eiusdem

361 3721 585 3786 constantiae.

450 3846 552 3911 XIX.
577 3846 753 3930 indicans,
771 3846 928 3934 aperiens
945 3845 1161 3932 significatur
1176 3868 1237 3932 per
1252 3850 1334 3910 vota
1350 3843 1445 3908 illius
1461 3841 1504 3907 ad

362 3973 479 4039 Iovem
498 3973 679 4061 explicata.

449 4099 532 4164 XX.
558 4100 635 4164 Non
655 4098 846 4185 impediens
871 4105 1012 4164 notatur
1031 4120 1092 4184 per
1116 4097 1294 4163 hominum
1318 4095 1503 4182 ingratitu-

454 4420 467 4468 1
485 4417 670 4483 impulsivam
685 4416 717 4465 M
777 4417 806 4466 11
825 4415 896 4466 dnos
914 4421 994 4465 utras
1011 4429 1084 4480 quos
1102 4413 1144 4476 M,
1162 4431 1206 4464 nm
1219 4415 1255 4477 cs.
1273 4411 1399 4479 Fipurct.
1416 4411 1502 4477 Phys.

360 4498 453 4548 Amaia.
466 4514 495 4561 p.
512 4500 665 4559 18121111.
733 4497 762 4545 16
779 4496 848 4552 (illi)
866 4496 1009 4546 dictantes
1026 4495 1058 4546 M
1118 4495 1239 4557 ‘26scrm
1251 4494 1445 4547 constantiam
