3488 5108
471 393 530 452 660
915 400 1055 448 rounam
1076 402 1178 448 nuum

471 560 680 647 particulare
704 566 807 645 atque
831 559 987 624 absolute
1010 558 1208 646 pulchrum,
1228 560 1371 644 bonum,
1392 580 1523 624 verum
1546 563 1636 637 etc,

476 709 545 751 non
572 687 681 751 solum
711 707 817 773 supra
847 708 969 771 genus,
994 685 1053 750 sed
1087 707 1199 771 neque
1222 685 1260 750 iu
1281 707 1409 772 genere
1435 705 1560 770 neque
1594 682 1637 747 in

471 812 583 899 specie
601 813 718 898 aliqua
734 811 822 876 nihil
843 817 895 876 est
914 809 1006 896 quod
1026 810 1231 898 simpliciter
1249 810 1381 876 vincire
1398 834 1462 897 per
1484 807 1636 875 eosdem

470 939 599 1026 gradus
627 938 750 1025 possit,
775 936 1001 1002 nihilominus
1032 943 1149 1002 temen
1176 936 1354 1024 appetitus
1380 934 1543 1024 pulchri,
1570 934 1637 1000 bo-

428 1066 448 1141 5
471 1064 509 1129 ni
527 1070 590 1130 eto.
611 1063 715 1129 estin
733 1063 909 1144 omnibus,
929 1062 1045 1128 omnic
1065 1063 1158 1128 enim
1177 1068 1350 1150 appetunt
1367 1085 1440 1128 esse
1460 1060 1634 1128 absolute

472 1195 507 1253 et
525 1211 567 1253 ex
586 1188 681 1253 omni
699 1195 798 1276 parte
817 1188 976 1276 pulchra,
993 1187 1091 1253 iuxta
1106 1188 1267 1275 propriae
1282 1186 1408 1274 speciei
1425 1195 1460 1253 et
1481 1185 1634 1273 generis

472 1313 705 1380 conditionem
726 1315 856 1380 saltem.
881 1313 963 1378 Alia
982 1313 1074 1379 enim
1100 1310 1323 1400 pulchritudo
1346 1318 1381 1379 et
1400 1311 1546 1378 bonitas
1573 1317 1633 1376 est

471 1440 574 1505 unius
594 1438 738 1525 speciei,
759 1439 828 1504 alia
849 1439 1009 1521 alterius,
1030 1438 1067 1503 iu
1092 1438 1160 1503 alia
1184 1437 1323 1523 quidem
1348 1459 1456 1503 unum
1482 1444 1631 1504 contra-

471 1565 616 1647 riorum,
637 1564 674 1628 iu
694 1565 761 1629 alia
781 1564 928 1629 alterum
948 1563 1154 1629 dominatur.
1172 1563 1296 1629 Totam
1313 1582 1449 1649 quoque
1467 1563 1633 1651 pulchri·

406 1705 448 1768 10
470 1692 628 1758 tudinem
649 1691 653 1779 Ι
674 1698 708 1755 et
727 1690 920 1755 bonitatem
932 1689 1059 1777 speciei
1071 1691 1173 1756 unius
1190 1712 1260 1756 non
1279 1691 1346 1755 nisi
1365 1690 1404 1755 in
1416 1696 1493 1756 tcta
1506 1690 1630 1777 specie
1656 1695 1739 1758 88

472 1828 507 1886 et
522 1843 584 1908 per
600 1826 710 1885 totam
727 1818 969 1884 aeternitatem
987 1841 1048 1905 per
1068 1819 1183 1884 omnia
1198 1818 1379 1884 indiuidua
1396 1826 1504 1906 atque
1525 1818 1632 1906 sigil-

470 1948 568 2012 latim
589 1953 640 2012 est
663 1945 860 2033 petendum.
881 1945 957 2010 Hoc
975 1951 1122 2009 testatus
1142 1952 1194 2009 est
1220 1944 1345 2010 Zeuxis
1368 1945 1406 2010 in
1425 1944 1631 2033 pulchritu-

469 2073 549 2138 dine
567 2074 733 2158 humana,
760 2072 819 2157 qui
843 2072 1012 2137 Helenam
1037 2072 1078 2136 de
1096 2071 1255 2158 pluribus
1279 2071 1493 2138 crotoniatis
1513 2073 1631 2159 virgi·

469 2200 571 2265 nibus
601 2198 770 2286 depinxit.
796 2197 887 2274 Quin
916 2197 985 2264 imo
1009 2197 1038 2262 si
1062 2197 1137 2262 dari
1165 2204 1254 2262 esset
1277 2197 1428 2285 puellam
1453 2221 1498 2264 ex
1522 2199 1629 2265 omni

405 2340 446 2405 15
469 2331 569 2412 parte
588 2324 768 2412 pulchram
790 2346 849 2389 seu
869 2346 911 2388 ex
929 2328 1017 2407 tot0,
1040 2325 1099 2408 qui
1117 2323 1193 2388 fieri
1210 2330 1339 2409 potest,
1360 2330 1399 2389 ut
1415 2323 1628 2391 omnimodo

470 2460 504 2516 et
542 2450 701 2517 omnibus
730 2450 840 2515 modis
868 2449 1051 2536 pulchrum
1080 2450 1201 2515 afferre
1242 2450 1364 2537 possit,
1400 2451 1629 2537 quandoqui-

420 2585 423 2590 '
469 2575 547 2641 dein
576 2574 845 2641 innumerabiles
872 2583 953 2640 sunt
978 2575 1249 2662 pulchritudinis
1275 2575 1462 2664 corporalis
1482 2576 1523 2642 in
1547 2600 1631 2643 mu-

470 2701 571 2766 liebri
595 2701 707 2787 speoie
731 2700 960 2786 differentiae,
990 2725 1008 2766 e
1032 2700 1158 2786 quibus
1182 2723 1252 2767 non
1271 2702 1340 2767 nisi
1367 2724 1457 2768 uuae
1484 2702 1523 2767 in
1549 2726 1629 2769 uno

471 2827 624 2891 subiecto
645 2833 789 2912 possunt
818 2826 982 2912 reperiri?
1004 2826 1230 2892 Pulchritudo
1255 2826 1360 2908 euim,
1381 2829 1453 2893 sive
1476 2827 1515 2892 in
1537 2852 1629 2914 qua-

405 2970 448 3032 20
471 2952 550 3016 dam
576 2951 776 3037 symmetria
798 2952 964 3016 consistat
995 2951 1066 3016 sive
1097 2952 1133 3015 in
1163 2952 1231 3016 alio
1263 2952 1411 3037 quodem
1440 2952 1535 3037 quod
1569 2954 1629 3019 in·

471 3098 673 3162 corporeum
700 3098 862 3163 corporea
887 3076 924 3140 in
951 3084 1076 3141 natura
1105 3077 1257 3142 cernitur
1273 3076 1402 3163 ipsum,
1432 3078 1628 3165 multiplex

471 3210 576 3266 estet
604 3202 916 3269 innumerabilibus
939 3203 1146 3289 proveniens
1173 3203 1367 3285 ordinibus3
1399 3205 1474 3271 ideo
1501 3229 1629 3290 quem·

472 3328 655 3394 admodum
690 3329 817 3415 lapidis
850 3330 1016 3415 asperitas
1052 3353 1122 3395 nou
1158 3354 1235 3396 oum
1271 3333 1455 3398 cuiuslibet
1489 3334 1628 3421 lapidis

472 3455 656 3540 asperitate
677 3455 836 3539 quadrat,
858 3457 1045 3538 concurrit,
1065 3456 1231 3540 cohaeret,
1249 3458 1308 3522 sed
1328 3460 1388 3525 ubi
1411 3459 1630 3546 respondeu-

404 3604 446 3666 ‹25
471 3585 522 3643 tes
552 3586 634 3645 sunt
662 3581 772 3666 magis
806 3582 901 3645 sinus
933 3589 1036 3666 atque
1064 3581 1245 3666 cavitates,
1273 3583 1323 3648 ita
1353 3606 1423 3648 non
1443 3585 1629 3670 quaelibet

472 3706 600 3790 species
618 3705 654 3768 in
676 3706 830 3789 quolibet
849 3705 965 3770 auimo
985 3706 1125 3770 sedebit.
1152 3706 1297 3772 Diversa
1313 3708 1422 3793 igitur
1436 3709 1628 3775 individue

472 3830 656 3895 adiuersis
688 3831 890 3896 vinciuntur
910 3832 1068 3914 obiectis;
1096 3833 1161 3899 etsi
1189 3834 1317 3921 quippe
1337 3834 1428 3900 idem
1457 3835 1503 3900 sit
1528 3835 1628 3922 quod

473 3953 605 4019 vinciat
630 3954 805 4020 Socratem
831 3963 933 4043 atque
953 3958 1148 4043 Platonem,
1170 3960 1271 4024 aliter
1290 3966 1406 4025 tamen
1430 3959 1524 4027 hunc
1544 3962 1626 4028 vin·

565 4305 596 4351 12
613 4304 725 4353 Zeuxes
743 4303 802 4367 (sic)
820 4297 880 4354 Ml:
900 4307 1022 4356 Zeusiue
1039 4300 1088 4355 ills
1105 4307 1138 4371 (t)
1204 4309 1234 4358 13
1252 4309 1437 4369 Crotoniutis]
1461 4309 1516 4360 conl
1537 4312 1627 4365 auehe

472 4382 669 4445 rit-pesam
716 4380 984 4451 111111110111111ὓ
1033 4389 1138 4438 aaran
1187 4382 1398 4454 repossintMl
1447 4392 1627 4458 19.p.661,2

472 4464 508 4523 cf.
521 4480 550 4524 p.
564 4465 625 4523 638,
638 4465 717 4512 18-25
780 4465 812 4514 ‘20
829 4468 988 4517 simmetria
1006 4468 1036 4515 M
