3488 5108
583 409 627 453 nn
648 408 765 454 nsnvn
787 409 963 455 narremus
984 410 1055 456 src.
1337 395 1396 456 519

247 566 394 632 dicimus
412 567 542 650 ignem;
563 572 691 646 motus,
715 565 805 648 vita,
830 587 962 649 sensus,
982 566 1020 631 in
1040 565 1199 632 omnibus
1218 566 1286 650 his,
1307 588 1395 652 quae

248 714 310 780 por
333 715 368 757 se
396 697 596 774 moventur,
616 691 741 756 vivunt
765 697 800 755 et
822 690 995 775 sentiunt,
1013 698 1064 756 est
1083 691 1127 756 ab
1147 690 1212 757 hoo
1235 692 1316 778 igne
1336 714 1395 758 seu

249 817 374 900 calore,
399 819 459 903 qui
488 823 527 882 ut
546 823 598 881 est
617 815 777 902 proprius
807 815 923 899 rebus,
944 814 1072 882 dicitur
1102 816 1257 898 nativus}
1281 827 1321 883 ut
1344 825 1396 883 est

248 942 395 1026 alienus,
416 941 544 1008 dicitur
564 947 747 1007 extraneus
764 947 798 1006 ct
816 941 1028 1028 peregrinus.
1049 941 1095 1007 Et
1114 941 1179 1007 hae
1198 941 1285 1007 duae
1301 942 1394 1028 ignis

205 1067 379 1155 bspecies
403 1067 514 1133 solent
542 1090 614 1132 csse
646 1065 839 1132 contrariae
868 1071 903 1130 et
926 1072 1046 1132 mutuo
1077 1089 1112 1132 se
1140 1088 1160 1131 a
1188 1067 1394 1133 substantiis

250 1193 430 1281 expellere.

338 1319 431 1382 Hinc
455 1317 596 1383 adverte
620 1315 718 1401 vulgi
737 1322 771 1380 et
790 1316 993 1403 praesertim
1013 1317 1224 1383 medicorum
1244 1341 1393 1384 commu·

248 1445 340 1509 niter
358 1444 578 1529 loquentium
598 1463 759 1525 errorem,
781 1440 853 1526 qui,
875 1441 973 1527 quasi
992 1464 1062 1507 una
1079 1449 1167 1508 esset
1188 1442 1311 1510 caloris
1335 1467 1392 1510 seu

247 1570 340 1656 ignis
368 1569 511 1657 specim,
542 1567 758 1634 constituunt
784 1565 929 1653 gradus,
961 1566 1086 1653 quibus
1115 1566 1235 1633 dicunt
1262 1568 1327 1634 hoc
1356 1570 1394 1635 in

183 1713 225 1777 10
246 1694 369 1782 primo,
380 1693 467 1760 illud
480 1692 687 1774 insecundo,
701 1691 814 1758 hocin
827 1691 931 1757 tertio
945 1699 1017 1774 eto,
1030 1714 1138 1777 usque
1151 1692 1195 1758 ad
1207 1695 1393 1780 septimum

247 1820 303 1885 vel
323 1818 414 1886 ultra
433 1818 593 1904 graduum
609 1817 728 1902 itaque
747 1817 904 1902 sequitur
924 1816 1128 1903 compositio
1148 1819 1235 1885 mira
1256 1826 1291 1885 et
1310 1819 1395 1886 mul·

248 1943 420 2031 tiplicatio
440 1942 625 2008 vorborum
650 1941 723 2006 sine
748 1965 851 2008 sensu
868 1949 903 2006 et
926 1941 1191 2027 significatione.
1214 1943 1282 2020 Qui
1301 1944 1393 2009 enim

247 2069 291 2135 ad
308 2069 452 2135 eandem
467 2066 656 2132 caliditatis
676 2066 823 2154 speeiem
840 2066 969 2133 referat
984 2066 1197 2134 caliditatem
1212 2069 1317 2154 ignis,
1334 2069 1394 2154 qui

247 2204 300 2262 est
315 2194 502 2262 secundum
519 2200 664 2276 tactum,
682 2199 716 2257 et
733 2192 937 2278 ignitorum,
956 2215 1043 2278 quae
1060 2193 1246 2259 secundnm
1258 2201 1391 2260 tactum

182 2334 223 2398 15
247 2321 420 2409 recipiunt
432 2319 559 2406 gradus
571 2317 778 2386 intensionis
795 2325 830 2383 et
845 2318 1056 2385 remissionis
1069 2326 1105 2384 et
1117 2320 1161 2385 ab
1177 2319 1258 2407 igne
1275 2320 1393 2386 dicun·

246 2456 304 2512 tur
323 2445 434 2532 magis
450 2450 613 2511 concocta
636 2452 671 2510 et
694 2444 808 2509 minus
826 2451 1003 2529 concocta,
1023 2450 1063 2510 ut
1083 2444 1246 2511 dicuntur
1277 2446 1391 2512 minus

246 2573 301 2639 vel
320 2572 431 2657 magis
455 2569 572 2653 cnido,
594 2568 769 2656 indigesta
793 2570 849 2636 vel
872 2569 1008 2658 digesta
1036 2575 1071 2636 et
1100 2569 1169 2637 alia
1193 2593 1280 2656 quae
1310 2577 1392 2638 sunt

247 2697 358 2763 calida
388 2695 575 2761 secundum
605 2701 764 2781 gustum,
791 2701 825 2760 et
855 2695 938 2778 haec
969 2694 1156 2761 secundum
1192 2696 1391 2762 innumeras

247 2822 395 2911 species;
417 2820 575 2887 caliditas
595 2820 688 2884 enim
708 2842 832 2907 caepae
851 2827 885 2884 et
904 2819 978 2885 allii
997 2828 1049 2884 est
1069 2821 1136 2886 alia
1160 2822 1287 2908 specie,
1307 2823 1391 2888 item

180 2956 225 3019 20
248 2946 427 3031 nasturtii,
449 2945 631 3027 camollae,
645 2944 953 3032 garyophyllorum
974 2947 1114 3012 omnino
1134 2956 1216 3013 sunt
1233 2949 1320 3014 aliae
1341 2973 1392 3014 reo-

246 3074 327 3138 loris
347 3072 490 3160 species,
509 3070 609 3137 valde
625 3070 781 3136 diversae
802 3074 806 3159 t
827 3072 1014 3137 secundum
1029 3072 1190 3159 speciem,
1208 3081 1243 3139 et
1259 3097 1328 3139 non
1346 3075 1389 3140 ad
1412 3077 1502 3141 421·

246 3198 389 3264 eandem
409 3198 535 3263 scalam
552 3197 836 3282 complectentem
857 3197 995 3263 illorum
1017 3197 1146 3284 gradus
1166 3199 1389 3286 pertinentes.

246 3325 338 3389 Hinc
358 3324 460 3388 unius
479 3322 604 3409 speciei
622 3322 772 3388 calidum
788 3322 960 3389 adiectum
980 3324 1090 3390 calido
1107 3325 1249 3391 alterius
1266 3327 1390 3414 speciei

246 3473 316 3516 nou
334 3448 487 3514 intendit
507 3449 620 3535 ipsum
640 3471 751 3533 neque
771 3447 913 3515 adiuvat
932 3455 967 3514 ot
986 3457 1166 3536 promovet
1189 3452 1267 3539 plus
1287 3475 1391 3538 quam

179 3579 222 3642 25
245 3577 361 3640 lumen
393 3572 533 3638 adiuvet
564 3595 687 3638 sonum
717 3573 772 3638 vel
805 3594 908 3638 sonus
939 3573 1080 3639 adiuvet
1111 3575 1166 3640 vel
1189 3587 1392 3663 promoveat

245 3699 373 3779 visum;
394 3699 478 3763 haec
498 3697 591 3762 enim
610 3696 691 3762 licet
710 3697 774 3763 sub
794 3697 897 3763 titulo
918 3699 1034 3779 calidi,
1055 3698 1176 3786 frigidi
1199 3707 1234 3766 et
1258 3701 1390 3768 humidi

246 3834 280 3889 ot
300 3824 380 3889 sicci
401 3829 542 3889 currant
562 3821 696 3906 eodem,
716 3829 921 3888 nontamen
945 3832 1026 3889 sunt
1046 3825 1184 3890 eaedem
1203 3826 1391 3894 secundum

337 4078 546 4130 5ccntraried1
609 4076 772 4138 isorscHic
833 4068 1025 4126 oducuntw
1091 4070 1391 4143 lOetc.(?)]cnjusM‘’

246 4162 275 4210 12
293 4160 443 4210 vorborum
462 4158 524 4207 nrll'
536 4156 678 4207 interlinco
692 4157 724 4206 M
778 4156 857 4219 forse
875 4157 960 4220 Quis,
979 4156 1010 4205 ed
1027 4155 1056 4206 ia
1072 4154 1136 4222 opni
1152 4173 1211 4206 caso
1228 4156 1331 4206 ccmibra
1346 4160 1392 4208 cde

243 4236 778 4304 ilperiododebbaesscrciotcrroqatn'vo
841 4236 1139 4303 ffiguriphilorumd!
1199 4238 1230 4287 21
1247 4237 1392 4288 {anomia

244 4320 410 4384 secundum,
425 4319 453 4369 ιἰι
465 4317 606 4383 principio
619 4317 662 4367 del
669 4320 695 4379 j.
713 4320 769 4381 422
788 4317 810 4367 c’
821 4316 834 4366 ὲ
847 4315 876 4367 in
887 4317 918 4367 Μ
931 4334 985 4367 uria
998 4320 1098 4381 parole
1112 4318 1157 4368 cde
1170 4317 1274 4368 sendra
1290 4320 1392 4369 concel-

246 4401 303 4450 lata
365 4397 603 4450 recchilanis!
664 4399 695 4448 27
720 4407 840 4449 currunt
861 4391 922 4449 M‘’:
942 4399 1048 4461 perclo
1069 4397 1172 4451 incerto
1195 4393 1242 4449 tls
1303 4417 1389 4467 scarp.

244 4481 430 4532 Aristoteles.
448 4479 564 4545 Species
581 4479 657 4530 enim
668 4479 772 4545 recipit
787 4479 877 4543 magis
892 4484 921 4529 et
935 4480 1039 4529 minus.
1055 4479 1086 4529 Μ
