3488 5108
257 363 296 423 86
697 379 837 426 roncum
858 378 958 424 ravin

258 538 398 622 moniis,
423 538 616 624 quiaillud
640 540 732 624 quod
753 544 915 627 operatur
937 560 1089 605 amorem
1112 546 1148 604 et
1176 539 1335 626 copulam
1360 537 1398 602 in

258 663 507 747 animantibus,
527 664 632 731 immo
656 665 694 731 in
713 664 873 731 omnibus
892 665 1068 748 animatis,
1088 664 1145 701 ἢ*
1165 664 1246 750 quia
1265 686 1286 729 a
1303 662 1397 728 simi-

258 792 405 857 litudine
428 792 559 859 formae
581 792 755 880 provenit,
779 799 819 858 ut
839 793 933 858 canis
957 814 1076 858 canem
1096 798 1254 879 appetat,
1279 791 1399 857 simius
1477 840 1480 847 .

258 896 378 987 simiae
397 919 528 1007 pulcer,
549 942 656 1006 equus
675 943 793 1006 equae.

214 1054 235 1119 5
346 1046 443 1112 XIV.
467 1046 583 1114 Ludos
609 1047 738 1114 dicitur
767 1047 973 1132 instituisse,
1003 1047 1062 1133 qui
1093 1046 1395 1134 Lampadophoria

258 1174 493 1262 appellantur,
513 1174 552 1240 in
571 1173 697 1261 quibus
716 1174 772 1240 lex
789 1175 884 1241 lusus
902 1173 1062 1259 requirit,
1082 1180 1122 1239 ut
1141 1197 1294 1240 cursores
1313 1173 1396 1239 lam·

257 1302 345 1391 pade
361 1323 504 1367 accensa
517 1300 705 1367 terminum
722 1323 841 1367 cursus
858 1300 1050 1388 attingant;
1064 1300 1145 1387 quia
1161 1323 1273 1387 neque
1287 1300 1399 1367 forma

257 1451 318 1516 per
337 1451 372 1494 se
391 1434 548 1493 movetur
567 1448 679 1513 neque
697 1426 857 1510 materia,
877 1427 936 1492 sed
955 1426 1194 1514 compositum.

346 1556 425 1622 XV.
449 1555 588 1621 Dicitur
606 1553 663 1591 Μ
682 1555 720 1621 in
750 1554 906 1620 cavernis
936 1555 1030 1621 illius
1058 1554 1184 1621 habere
1211 1553 1401 1650 officinam3

194 1688 236 1753 10
259 1685 304 1752 ad
322 1681 590 1772 significandum
608 1683 646 1748 in
665 1682 807 1769 regione
825 1682 1077 1768 formabilium,
1096 1682 1349 1768 generabilium
1365 1691 1400 1748 et

258 1813 549 1901 corruptibilium,
580 1813 650 1895 vel,
672 1817 712 1877 ut
737 1809 855 1898 vulgo
873 1810 1077 1897 loquuntur,
1095 1810 1189 1877 infra
1211 1832 1400 1878 concavum

258 1940 351 2007 orbis
370 1940 489 2024 lunae,
512 1939 659 2005 formam
682 1938 917 2025 generationis
947 1946 981 2003 et
1010 1939 1241 2027 corruptionis
1269 1939 1402 2006 vicissi-

258 2065 397 2132 tudines
415 2065 560 2153 operari.
616 2120 618 2125 .

346 2192 442 2259 XVI.
466 2192 560 2259 Duas
583 2191 712 2256 dicitur
735 2190 860 2256 habere
878 2189 1023 2271 insulas,
1044 2191 1081 2255 in
1104 2191 1231 2278 quibus
1253 2190 1395 2258 fabrilia

193 2317 234 2383 15
257 2340 362 2406 opera
373 2324 543 2401 exerceat,
559 2316 716 2405 Liparim
728 2323 763 2382 et
779 2315 1015 2402 Strongylem3
1027 2316 1274 2382 adnotandum
1286 2317 1398 2405 dupli-

257 2469 330 2513 cem
347 2445 478 2512 formae
501 2445 638 2511 subesse
661 2450 696 2510 et
720 2444 811 2510 actui
837 2442 1030 2525 materiam,
1060 2442 1319 2529 intelligibilem
1350 2446 1400 2512 vi·

255 2538 380 2637 delicet
399 2578 434 2635 et
454 2569 661 2636 sensibilem.

346 2695 461 2762 XVII.
485 2694 623 2760 Dicitur
641 2717 685 2761 ex
702 2716 779 2760 aere
795 2691 948 2759 mirabili
964 2693 1110 2759 artificio
1126 2695 1280 2762 catulum
1300 2695 1399 2762 effor-

258 2844 381 2904 massc,
402 2843 503 2907 quem
523 2820 612 2886 dono
632 2818 727 2885 dedit
746 2818 837 2902 Icvi,
854 2840 874 2884 a
890 2840 958 2904 quo
977 2819 1078 2884 datus
1097 2820 1271 2907 Europae,
1291 2842 1312 2886 a
1331 2844 1399 2907 qua

190 2944 236 3009 20
257 2945 429 3028 Procridi,
446 2969 466 3011 a
482 2968 550 3031 qua
565 2944 728 3032 Cephalo,
742 2944 787 3010 ad
802 2942 1037 3010 denotandum
1056 2945 1203 3011 formam
1218 2945 1398 3034 physicam

256 3070 531 3138 vicissitudinem
551 3077 585 3135 et
604 3069 801 3155 analogiam
823 3068 861 3133 in
884 3068 1029 3135 materia
1053 3071 1199 3156 operari,
1226 3080 1261 3137 et
1285 3072 1323 3137 in
1342 3096 1403 3138 na-

257 3196 429 3264 turalibus
448 3200 541 3261 certo
562 3195 709 3281 quodam
733 3194 852 3260 ordine
877 3195 913 3260 in
937 3195 1082 3260 materia
1101 3196 1249 3262 formam
1268 3198 1399 3264 formae

260 3320 449 3388 succedere.

347 3445 481 3512 XVIII.
504 3446 652 3532 Propter
671 3467 766 3511 arma
785 3445 862 3510 Iovi
880 3454 1002 3532 parata
1020 3446 1148 3513 dicitur
1168 3471 1187 3514 a
1207 3447 1289 3512 Iove
1308 3448 1398 3515 iura

349 3789 366 3838 2
382 3788 529 3848 animatis,
550 3786 617 3852 quia
635 3803 682 3836 om.
700 3785 746 3835 M:
763 3784 810 3835 noi
827 3783 948 3837 abbiamo
965 3794 1075 3851 capriata
1092 3805 1147 3837 ana
1170 3789 1269 3839 lacuna
1289 3794 1350 3856 (per
1367 3809 1401 3842 rr.

259 3871 445 3929 (formast),
463 3867 540 3933 quia)
605 3867 653 3916 al
670 3867 771 3919 simius
785 3866 911 3929 simiam,
928 3881 1018 3930 equus
1037 3885 1138 3934 equam
1156 3872 1216 3935 (aar.
1231 3873 1342 3934 pulcer)
1357 3872 1400 3935 M,

257 3968 301 4000 ma
317 3952 352 4015 cs.
370 3951 412 4000 Da
428 3946 539 4001 vinculis
556 3948 695 4013 inponere
711 3965 770 4013 cap.
794 3948 823 3998 X
846 3949 882 4012 (f.
902 3949 950 3997 88r
967 3949 1024 3999 cod.
1047 3948 1077 3999 di
1097 3950 1209 4015 Moira).
1232 3951 1274 4001 De
1295 3951 1401 4005 Miaim.

256 4048 285 4096 p.
301 4032 357 4092 192,
368 4033 401 4079 14
412 4046 467 4094 rqq.
531 4026 707 4081 5Luaosrl¹
770 4029 915 4081 cinnami
931 4031 968 4081 ad
985 4032 1015 4081 in
1029 4031 1168 4082 lacarraili
1181 4031 1254 4082 circa
1270 4036 1300 4082 15
1315 4033 1402 4083 lettere

258 4110 288 4162 ia
304 4111 343 4161 A:
362 4112 405 4169 (in
422 4117 518 4162 monte
536 4113 643 4170 Aetna>
666 4111 695 4160 in
716 4109 759 4160 M:
783 4110 807 4161 si
829 4111 1008 4174 aspcteerebte
1026 4111 1095 4175 poro
1116 4113 1160 4171 <in
1183 4121 1280 4164 monte
1307 4117 1403 4167 Aetna

258 4192 404 4249 habitans)
421 4191 452 4241 in
515 4191 594 4243 illias
610 4191 648 4242 A:
666 4191 726 4241 illis
743 4190 775 4240 Μ
836 4193 866 4241 15
889 4199 1021 4243 exorceat
1043 4209 1115 4243 corr.
1138 4194 1179 4244 A:
1202 4202 1319 4246 exercet
1336 4197 1406 4247 A¹M

259 4271 372 4323 libarim
384 4277 414 4322 et
427 4271 585 4336 strongiem
599 4271 637 4322 A:
652 4273 783 4338 Liparum
799 4278 828 4321 ct
841 4273 1019 4336 Strangilum
1033 4272 1066 4322 M
1112 4277 1142 4325 lo·
1158 4275 1280 4326 formae.
1290 4315 1296 4327 .
1305 4314 1325 4327 ..
1343 4276 1402 4344 (sic)

261 4355 306 4417 (al.
330 4353 443 4404 modum
465 4354 500 4403 al.
525 4354 681 4418 actionem)
704 4352 916 4416 intelligibilem
935 4353 968 4403 M
1043 4353 1076 4403 20
1101 4355 1252 4406 Phrocrini
1271 4359 1310 4406 A:
1334 4359 1402 4410 Ero-

260 4435 333 4488 crini
347 4434 377 4483 tl!
