3488 5108
460 403 551 448 maur
571 399 785 446 rursrooavu
805 398 1018 445 immoratis
1038 394 1236 442 arsamum.
1360 377 1419 435 373

410 859 475 924 AD
510 857 738 935 QVARTVM
773 849 1284 919 METEOROLOGIOORVM.

553 1100 578 1142 0.
594 1101 612 1140 1.
629 1100 663 1140 Do
677 1097 848 1151 operationibus
863 1099 989 1138 satirarum
1004 1097 1147 1148 qualitatum.

363 1337 417 1401 Ex
435 1334 658 1422 possibilibus
678 1333 981 1420 coniugationibus
1000 1332 1195 1400 activorum
1214 1339 1249 1399 ot
1268 1333 1421 1420 passiva

276 1484 351 1528 rum
372 1459 581 1547 qualitatum
600 1458 769 1525 elementa
793 1459 1019 1543 definiuntur,
1050 1480 1196 1543 quorum
1220 1457 1304 1541 duo,
1328 1457 1422 1543 ignis

231 1587 437 1658 bvidelicet
455 1593 490 1651 et
519 1608 623 1673 aqua,
644 1585 796 1672 primum
824 1584 974 1652 calidum
999 1591 1035 1652 et
1061 1584 1213 1672 primum
1233 1583 1420 1670 frigidum,

276 1713 425 1780 maxime
443 1713 559 1778 activa
577 1718 658 1778 sunt
677 1718 819 1798 propter
838 1711 1024 1797 qualitates
1039 1712 1186 1795 activas,
1204 1710 1420 1798 quandoqui-

276 1839 353 1904 dem
371 1837 576 1922 terminare,
602 1836 776 1924 copulare,
795 1844 1028 1903 transmutare
1046 1835 1293 1920 humectando,
1313 1835 1422 1901 exsic-

276 1964 400 2049 cando,
420 1962 614 2029 indurando
633 1970 667 2028 et
687 1963 918 2031 mollificando
941 1964 985 2030 ad
1009 1963 1160 2031 calidum
1188 1971 1223 2029 et
1252 1962 1421 2050 frigidum

276 2091 490 2171 referuntur,
511 2088 593 2154 sicci
612 2111 694 2155 vero
713 2098 748 2155 ct
768 2088 902 2155 humidi
921 2097 973 2155 est
991 2090 1081 2155 ferre
1097 2095 1132 2155 et
1150 2089 1226 2176 pati
1245 2089 1288 2154 ab
1304 2088 1421 2153 huius·

212 2218 254 2280 10
276 2214 369 2281 modi
387 2215 590 2281 actionibus.
608 2216 731 2301 Itaque
750 2215 881 2303 duplici
900 2214 1074 2282 evidentia
1094 2215 1318 2280 insinuantur
1335 2212 1420 2279 acti·

276 2363 339 2407 vae
357 2339 438 2405 illae
457 2338 544 2403 duae
562 2346 597 2403 et
614 2341 773 2425 passivae
801 2341 888 2406 istae
917 2340 1004 2406 aliae
1029 2339 1229 2427 qualitates:
1252 2339 1420 2426 primum,

275 2471 315 2530 ut
333 2463 435 2530 modo
453 2462 584 2529 dictum
603 2471 668 2548 est,
687 2464 900 2549 inductione,
920 2465 1068 2532 secundo
1088 2465 1232 2552 propria
1268 2465 1422 2551 ipsorum

275 2587 492 2670 definitione;
515 2587 651 2674 quando
670 2589 762 2654 enim
786 2589 968 2657 definimus
992 2590 1143 2656 calidum
1174 2597 1208 2655 et
1235 2587 1421 2675 frigidum,

275 2714 458 2781 definimus
478 2737 539 2800 per
558 2716 843 2801 congregativum
862 2724 897 2782 et
920 2717 1207 2804 disgregativum,
1233 2737 1311 2781 oum
1340 2734 1420 2778 vero

212 2846 253 2910 15
276 2839 456 2905 humidum
474 2848 509 2904 et
527 2840 668 2924 siccum,
688 2863 750 2927 par
769 2842 869 2908 facile
890 2841 1108 2909 terminabile
1127 2849 1162 2907 ct
1181 2840 1321 2905 difficile
1349 2843 1420 2902 ter·

276 2965 451 3031 minabile.

463 3231 497 3271 Ad
512 3231 535 3270 11
549 3235 624 3280 caput.
640 3232 674 3270 De
690 3232 849 3280 generatione,
864 3231 1011 3281 corruptione
1026 3235 1049 3271 er
1063 3230 1245 3282 putrefactione,

535 3314 594 3352 quaa
608 3310 661 3343 runt
675 3304 821 3354 operationes
836 3304 961 3343 activorum
975 3307 999 3342 et
1012 3303 1163 3353 passivorum.

366 3539 429 3604 Est
448 3537 588 3624 quidem
605 3537 784 3625 generatio
803 3545 838 3602 et
857 3534 1102 3602 transmutatio
1131 3556 1173 3599 ex
1202 3556 1305 3620 opere
1334 3533 1416 3599 ista-

210 3676 254 3739 ‘20
276 3688 354 3731 rum
373 3664 598 3750 qualitatum,
620 3664 703 3729 item
723 3663 897 3750 corruptio
922 3671 996 3728 tum
1024 3662 1062 3727 in
1090 3660 1312 3742 animalibus,
1343 3667 1418 3725 tum

277 3789 314 3854 in
333 3789 481 3876 plantis,
500 3796 574 3854 tum
594 3789 631 3854 in
650 3789 808 3875 partibus
827 3788 981 3853 istorum.
1001 3786 1188 3851 Generatio
1213 3807 1295 3872 ergo
1320 3791 1372 3850 cst
1404 3807 1423 3849 a

278 3916 390 3982 calido
406 3924 441 3981 et
456 3916 599 4002 frigido,
617 3938 704 4000 quaa
721 3914 945 3981 dominantur
957 3912 1127 3995 materiei,
1142 3934 1229 3998 quae
1242 3911 1421 3997 siquando

277 4065 347 4108 non
367 4041 605 4126 dominantur,
626 4040 753 4106 accidit
771 4039 967 4127 inquinatio
996 4046 1031 4104 et
1061 4037 1289 4104 inconcoctio.
1310 4037 1421 4103 Gene-

761 4258 986 4266 --—-—-
1334 4255 1347 4260 .-
1354 4252 1416 4260 .-.

374 4390 422 4438 1.2
438 4384 560 4436 abbiamo
574 4392 708 4448 trarposlo
726 4385 747 4435 r'l
762 4381 850 4443 titolo,
868 4385 915 4434 ebe
927 4382 956 4434 ia
972 4383 1023 4436 01
1033 4384 1074 4435 De
1089 4382 1308 4448 operationibus
1320 4382 1427 4433 activa·

278 4485 341 4521 rum
355 4470 537 4536 qualitatum.
554 4471 558 4532 Ι
574 4469 618 4520 nd
631 4469 768 4532 quartum
780 4465 1099 4529 metheorologicorum.
1115 4465 1182 4516 0.1.

1443 851 1533 913 49r
1547 850 1583 914 Ο
