3488 5108
312 403 372 461 584
753 417 892 463 roannru
914 416 1014 462 savar

312 571 487 657 frigiditas
506 582 558 638 est
575 573 724 658 qualitas
744 572 900 658 reginae,
916 571 994 637 ideo
1014 572 1089 659 ipsa
1109 578 1161 637 est
1180 567 1332 652 domina,
1351 575 1388 635 et
1406 591 1463 635 ca

311 697 428 764 liditas
447 699 484 763 in
502 698 701 765 huiusmodi
720 696 819 764 demo
838 704 890 763 est
909 697 1045 763 ancilla.

401 825 521 908 §Vlla
547 825 730 911 Regnum
753 846 891 910 aquae.
911 863 954 872 -
974 824 1105 889 Domus
1129 821 1196 887 DG
1220 820 1348 909 partim
1373 841 1461 884 sana

310 951 440 1037 partim
454 951 605 1034 infirma,
618 974 702 1016 sana
718 957 859 1037 propter
875 950 960 1015 duas
976 948 1189 1035 frigiditates
1202 951 1460 1029 concurrentes,

266 1077 286 1139 5
309 1075 447 1142 infirma
465 1082 607 1164 propter
625 1075 867 1141 humiditatem
891 1081 926 1140 et
944 1074 1152 1154 siccitatem;
1176 1074 1267 1139 unde
1291 1096 1381 1159 aqua
1404 1080 1459 1138 est

310 1202 443 1286 regina,
464 1200 653 1266 humiditas
671 1200 829 1284 domina,
850 1199 986 1266 siccitas
1006 1200 1141 1265 ancilla.

378 1310 383 1319 ⁸
400 1333 419 1409 ξ
442 1326 538 1391 VHl.
564 1327 749 1412 Regnum
767 1326 882 1391 ae'ris.
898 1365 940 1373 -
952 1326 1084 1391 Domus
1096 1325 1164 1389 ΑΗ
1176 1348 1313 1411 quoqne
1324 1326 1456 1412 partim

311 1475 395 1516 sana
423 1459 475 1517 est
503 1452 633 1538 partim
661 1451 812 1534 infirma,
838 1474 921 1516 sana
949 1458 1093 1539 prepter
1121 1451 1206 1516 (luas
1230 1450 1458 1516 humiditates

310 1578 569 1660 concordantes,
590 1577 727 1642 infirma
746 1584 888 1664 propter
906 1576 1028 1663 frigidi
1051 1584 1086 1641 et
1105 1576 1209 1642 calidi
1228 1577 1454 1657 discordiam3

247 1700 287 1762 10
308 1702 411 1767 etsie
431 1710 489 1767 aer
508 1709 561 1767 est
579 1726 651 1783 rex,
673 1701 832 1767 caliditas
851 1701 991 1768 domina
1010 1707 1045 1767 et
1064 1701 1240 1788 frigiditas
1260 1701 1394 1767 ancilla.

398 1834 418 1910 ξ
442 1827 506 1892 ΙΧ.
532 1828 598 1892 Per
616 1827 706 1892 lianc
723 1827 872 1914 primam
889 1827 1148 1893 circulationem
1163 1834 1324 1892 causatur
1339 1827 1455 1914 prima

309 1953 439 2017 sanitas
458 1952 495 2016 in
514 1974 656 2040 corpere
676 1952 838 2033 humane,
858 1961 894 2018 et
913 1975 1032 2018 sensus
1056 1958 1107 2017 est
1131 1951 1293 2033 actualis;
1316 1959 1350 2017 et
1370 1952 1456 2037 quia

308 2077 492 2143 iufirmitas
509 2085 560 2144 est
576 2078 730 2158 remissa,
748 2079 879 2143 sanitas
895 2100 977 2143 vcro
993 2078 1030 2142 in
1045 2077 1109 2143 hac
1124 2078 1265 2163 regione
1283 2077 1455 2143 intensior

308 2210 343 2267 et
362 2203 498 2287 fortior,
518 2204 595 2270 idco
615 2203 800 2269 infirmitas
819 2210 872 2268 est
895 2203 1107 2269 insensibilis
1126 2204 1327 2285 actualiter,
1347 2202 1455 2268 seusi-

244 2324 284 2386 15
308 2327 388 2394 bilis
407 2351 488 2394 vero
507 2329 753 2415 potentialiter.

762 2611 914 2678 OAPVT
937 2613 997 2678 IV.

396 2845 415 2921 ξ
440 2840 465 2904 Ι.
491 2840 672 2923 Regnum
698 2839 938 2903 caliditatis.
957 2879 1000 2886 —-
1017 2839 1195 2903 Secundae
1215 2836 1454 2903 circulationis

307 2966 427 3030 (lomus
447 2974 529 3029 sunt
553 2966 630 3046 AB,
652 2966 726 3046 EF,
748 2965 818 3048 Be,
840 2965 918 3042 Fe,
940 2964 1014 3045 Ol),
1036 2965 1116 3045 (illl,
1143 2965 1225 3044 AD,
1246 2986 1334 3048 quae
1356 2964 1394 3027 lit
1414 2963 1453 3028 in

308 3092 416 3176 ligura
437 3090 605 3155 volvendo
626 3091 792 3155 circulum
817 3090 984 3155 minorem
1003 3091 1066 3155 sub
1087 3091 1215 3155 maiore
1238 3098 1274 3154 et
1292 3090 1454 3176 ponendo

242 3219 286 3279 20
309 3217 338 3279 Β
362 3216 425 3280 sub
450 3216 492 3279 A.

416 3339 546 3405 Domus
566 3341 629 3404 AB
649 3340 775 3425 partim
797 3364 880 3405 sana
896 3347 948 3405 est
967 3341 1095 3426 partim
1113 3341 1266 3423 infirma,
1286 3364 1371 3406 sana
1390 3364 1454 3428 per

305 3466 389 3530 duas
409 3465 617 3548 soliditates,
638 3465 769 3530 seilicet
788 3488 849 3550 per
869 3468 897 3529 B
918 3468 1018 3546 etA,
1040 3476 1074 3530 et
1095 3466 1206 3531 adhuc
1237 3467 1348 3551 magis
1367 3491 1453 3532 sana

304 3613 365 3676 per
384 3592 413 3654 B
433 3590 515 3675 quia
534 3614 595 3676 per
614 3614 649 3654 se
673 3590 798 3670 calida,
818 3613 920 3674 quarn
944 3614 1005 3677 per
1034 3591 1064 3654 A
1094 3591 1176 3675 quia
1200 3615 1262 3677 per
1293 3591 1453 3657 accidens

305 3715 429 3796 calida,
459 3723 493 3779 et
524 3715 604 3799 quia
633 3715 769 3779 siccitas
802 3715 869 3802 ipsi
897 3716 926 3778 B
959 3716 1183 3802 appropriata
1210 3716 1321 3781 vineit
1351 3718 1382 3779 A
1414 3740 1450 3781 se

238 3841 280 3903 ‘25
304 3841 414 3927 ipsam
435 3841 500 3926 ipsi
524 3840 827 3921 comnmnicarnlo,
852 3865 977 3926 nempe
1006 3865 1102 3906 suam
1133 3841 1346 3906 caliditatem
1370 3864 1449 3927 pro-

304 3968 427 4052 priam,
447 3966 522 4031 ideo
539 3966 696 4031 caliditas
713 3967 763 4031 ibi
783 3980 834 4030 est
853 3966 987 4051 regina,
1009 3965 1145 4031 siccitas
1165 3965 1319 4049 domina,
1336 3966 1450 4031 humi-

304 4090 394 4155 ditas
414 4092 550 4156 ancilla.

396 4392 427 4440 10
440 4391 580 4452 caliditas]
595 4391 806 4441 humiditaslss
872 4394 1127 4453 torvas-sarm
1193 4399 1224 4446 18
1239 4397 1291 4447 AD
1305 4397 1359 4445 Br:
1374 4394 1406 4446 in
1419 4396 1451 4447 M

306 4470 409 4520 scrabra
424 4479 539 4522 corrado
551 4474 601 4523 AB
613 4473 641 4523 in
653 4474 705 4524 DA
