3488 5108
743 382 883 431 loanaal
903 383 1006 431 aavm

784 731 884 797 ΟΑΡ.
908 732 967 798 VI.

393 973 547 1052 Quarta
579 972 799 1038 circulatio
831 973 1045 1061 regionum
1072 982 1112 1041 et
1147 975 1353 1045 domorum
1387 1001 1453 1046 ae-

304 1099 438 1186 qualis
472 1097 795 1165 contrarietatis.
823 1137 864 1146 -
883 1098 1034 1176 Quartae
1059 1101 1293 1169 circulationis
1322 1103 1452 1171 domus

304 1225 400 1291 iuxta
429 1246 508 1290 suas
538 1223 696 1311 regiones
721 1223 905 1290 distinctae
932 1222 1122 1310 sunt'AC,
1150 1226 1231 1311 EG,
1255 1226 1336 1313 BD,
1361 1228 1450 1315 ΡΗ,

259 1349 380 1433 eon,
401 1319 675 1432 au‚an,na.

391 1482 410 1560 ξ
434 1475 460 1540 Ι.
484 1475 527 1540 In
546 1474 646 1540 domo
666 1473 726 1539 AO
750 1480 802 1539 est
825 1474 979 1559 aequalis
998 1476 1226 1543 contrarietas
1244 1500 1307 1565 per
1325 1478 1450 1545 calidi·

301 1606 428 1682 tatem,
448 1599 710 1682 humiditatem,
730 1597 976 1685 frigiditatem,
1002 1600 1214 1685 siccitatem
1237 1604 1298 1669 sed
1317 1603 1399 1690 quia
1419 1605 1449 1670 Ο

301 1732 442 1790 nonest
465 1725 503 1790 in
525 1747 587 1791 sua
610 1724 763 1811 regione,
789 1726 820 1790 A
851 1725 1066 1809 dominatur,
1087 1726 1114 1791 O
1133 1727 1256 1812 servit,
1284 1729 1344 1794 sed
1374 1753 1450 1797 non
1555 1731 1559 1737 ’

300 1850 466 1934 multum,
487 1851 622 1916 ratione
639 1849 796 1937 proxime
814 1849 915 1916 dicta.

236 1975 278 2038 10
390 1984 409 2060 ξ
434 1975 479 2040 ΙΙ.
499 1975 541 2040 In
560 1975 661 2041 dome
680 1973 744 2040 EG
763 1983 814 2041 est
833 1975 985 2061 aequalis
1002 1976 1230 2044 contrarietas
1245 2001 1307 2065 per
1325 1980 1446 2066 calid,

299 2101 446 2183 humid.,
466 2100 546 2187 frig.
564 2107 598 2165 et
617 2100 693 2183 sic,
714 2107 941 2166 veruntamen
956 2101 1037 2186 quia
1053 2102 1083 2165 Ε
1099 2102 1199 2168 estin
1211 2126 1272 2169 sua
1283 2105 1446 2191 regione,

300 2227 332 2293 G
344 2226 561 2316 peregrinus,
575 2226 632 2292 hic
645 2227 762 2311 servit,
777 2226 835 2293 ille
847 2227 1057 2313 dominatur,
1071 2249 1141 2294 uon
1155 2235 1273 2294 tamen
1285 2231 1448 2297 multum.

390 2360 409 2438 ξ
432 2353 496 2418 ΠΙ.
520 2353 563 2418 In
582 2352 683 2419 domo
702 2351 766 2417 BD
790 2359 842 2418 est
861 2352 1013 2439 aequalis
1033 2354 1261 2421 contrarietas
1283 2377 1346 2443 per
1364 2357 1445 2442 cal.,

299 2478 444 2559 humid.,
472 2477 552 2564 frig.
577 2485 612 2543 et
640 2479 712 2562 sic,
733 2478 792 2544 sed
822 2477 903 2564 quia
933 2479 964 2543 B
993 2481 1107 2546 estin
1125 2501 1186 2546 sua
1208 2479 1366 2568 regione,
1386 2480 1446 2547 do·

236 2611 275 2674 lr')
298 2605 465 2689 minatur,
490 2605 522 2669 D
557 2626 639 2669 vero
664 2603 867 2691 peregrinus
891 2603 1011 2687 servit3
1037 2605 1174 2672 siccitas
1203 2612 1255 2671 est
1285 2605 1443 2693 domina,

296 2729 485 2796 humiditas
505 2730 642 2795 ancilla.

386 2862 406 2938 ξ
429 2856 488 2920 IV.
516 2844 559 2920 ln
577 2855 677 2920 dome
697 2855 762 2918 FH
781 2861 832 2919 eat
852 2854 1005 2939 aequalis
1029 2854 1256 2920 contrarietas
1286 2878 1348 2942 per
1378 2856 1441 2921 cal.
1468 2866 1565 2929 6ον

297 2990 330 3046 θὴ
359 2980 457 3068 frig,
489 2981 618 3048 humid.
649 2988 684 3044 et
713 2979 787 3061 sic,
816 2979 875 3043 sed
900 2979 981 3064 quia
1004 2979 1033 3043 F
1057 2986 1110 3044 est
1133 2980 1170 3044 in
1195 3003 1256 3046 sua
1280 2981 1440 3067 regione,

296 3108 330 3172 H
349 3130 429 3172 vero
449 3114 501 3173 est
520 3105 752 3193 peregrinum,
773 3104 850 3168 idco
874 3104 903 3168 F
927 3104 1138 3189 dominatur,
1160 3105 1194 3169 H
1217 3128 1298 3171 vero
1324 3106 1441 3173 servit.

229 3235 273 3298 ‘20
385 3240 405 3316 g
429 3233 468 3297 V.
493 3233 535 3298 In
555 3232 654 3297 domo
675 3231 735 3295 CA
763 3237 814 3295 est
846 3230 997 3314 aequalis
1026 3231 1253 3296 contrarietas
1276 3254 1338 3318 per
1358 3232 1440 3315 cal.,

296 3360 389 3444 frig,
409 3358 500 3424 hum.
522 3365 556 3422 et
576 3357 649 3440 sic,
671 3355 729 3420 sed
748 3355 830 3440 quia
849 3355 875 3419 Ο
895 3362 947 3420 est
975 3355 1013 3419 in
1040 3378 1102 3420 sua
1129 3357 1287 3442 regione,
1308 3359 1338 3420 A
1358 3378 1441 3423 vero

294 3509 377 3567 non,
399 3485 480 3570 quia
497 3491 549 3549 est
568 3481 668 3549 stella
686 3504 805 3546 errans
824 3480 1052 3567 (peregrina),
1073 3482 1099 3546 0
1129 3491 1182 3548 est
1205 3483 1380 3566 domiuus,
1406 3484 1440 3548 A

295 3633 431 3695 servae,
452 3610 508 3675 sed
529 3632 600 3675 non
619 3607 776 3673 multum.

384 3742 404 3820 ξ
428 3736 485 3801 VI.
511 3736 552 3799 In
572 3735 673 3799 domo
693 3732 755 3796 GE
774 3739 826 3798 est
846 3733 999 3817 aequalis
1019 3733 1245 3799 contrarietas
1275 3757 1337 3821 per
1360 3734 1438 3818 cal.,

228 3869 271 3929 ‘25
295 3861 385 3946 frig,
408 3859 499 3925 hum.
520 3868 555 3924 et
574 3860 648 3941 sic,
669 3858 728 3924 sed
747 3859 829 3942 quia
849 3858 881 3922 G
901 3865 952 3922 est
972 3857 1114 3924 effectus
1134 3865 1276 3924 octavae
1295 3859 1438 3947 spherae

295 3993 329 4050 θὴ
347 3987 377 4050 Ε
404 3985 497 4051 Iovis
528 3985 604 4068 (hoc
634 3992 686 4049 est
714 3984 746 4047 G
765 3990 817 4049 est
836 3985 944 4049 fixum
964 3991 998 4048 et
1021 3991 1062 4049 ut
1085 3986 1122 4050 in
1141 3985 1282 4071 proprio
1301 3985 1389 4066 loco,
1407 3986 1438 4050 Ε

385 4283 582 4335 8sedsch¹
628 4285 1234 4351 llquiacstioeuaqniaEastinauaM¹
1283 4285 1440 4348 laalotz

292 4368 332 4416 14.
343 4368 373 4415 15
389 4364 676 4417 dominaturaaM¹
748 4367 780 4417 20
802 4373 846 4417 cst
863 4367 1024 4433 aequalitas
1045 4367 1237 4416 contrarietas
1256 4365 1288 4416 Μ
1347 4368 1379 4417 25
1399 4367 1434 4431 G]

294 4446 399 4495 ΘΒΜΙ
