3488 5108
547 421 636 466 nient
659 421 870 467 rursiconvn
893 422 1107 469 xnrsmrnnis
1127 422 1324 469 exerantur.
1447 410 1506 467 289

364 583 399 643 et
417 577 516 642 iuxta
540 575 677 641 infinita
697 575 877 642 individua
900 585 935 643 et
958 578 1183 666 particularia
1206 577 1344 644 infinita
1371 600 1507 664 quoque

364 708 478 767 essent
496 700 685 789 principia,
706 707 780 767 tum
804 703 990 768 secundum
1019 703 1277 769 multitudinem
1299 707 1303 790 l
1323 703 1509 790 particula·
1533 704 1612 767 13²
1629 705 1666 771 Ο

363 827 454 894 rium
471 827 678 912 formarum,
698 836 773 893 tum
793 829 980 894 secundnm
1000 829 1259 896 multitudinem
1289 831 1442 918 partium
1472 837 1507 896 et

363 953 597 1019 minimorum.
617 953 741 1037 Itaque
759 976 872 1039 neque
891 955 1069 1021 materiam
1087 978 1200 1040 neque
1215 955 1362 1022 formam
1392 977 1508 1021 rerum

319 1079 340 1143 5
364 1078 483 1144 liceret
498 1099 695 1164 agnoscere,
713 1084 747 1142 et
764 1086 1012 1164 consequenter
1028 1102 1138 1166 neque
1155 1080 1393 1168 compositum,
1410 1079 1507 1145 cuius

364 1203 517 1290 cognitio
537 1202 665 1289 pendet
684 1225 725 1267 ex
745 1225 799 1286 eo,
819 1203 944 1288 quibus
964 1211 1024 1270 cst.
1045 1204 1201 1271 Secundo
1226 1205 1316 1271 sicut
1340 1204 1376 1270 in
1406 1203 1508 1270 rebus

362 1328 580 1394 naturalibus
600 1349 831 1414 unaquaeque
850 1329 980 1416 species
999 1335 1051 1394 est
1069 1329 1298 1395 determinata
1328 1328 1371 1395 ad
1402 1327 1509 1394 maxi·

363 1476 457 1520 mum
477 1461 511 1519 et
532 1453 725 1536 minimum,
751 1453 921 1538 siqnidem
945 1454 1090 1520 oleaster
1113 1477 1290 1541 nimquam
1314 1454 1358 1521 ad
1382 1455 1506 1521 molem

363 1577 474 1644 olivae
505 1577 658 1663 exurgit,
691 1577 869 1645 cunicidua
895 1579 899 1667 l
925 1578 968 1644 ad
999 1580 1123 1645 molem
1150 1580 1264 1665 bovis,
1294 1580 1431 1669 elephas
1462 1579 1507 1646 ad
1531 1585 1676 1650 22OE

299 1710 340 1773 10
363 1702 492 1768 montis
518 1701 808 1789 magnitudinem,
829 1703 887 1768 sed
905 1726 1131 1790 unaquaeque
1151 1727 1192 1770 ex
1211 1704 1296 1794 ipsis
1315 1705 1420 1771 habet
1439 1728 1508 1771 cer·

363 1834 434 1892 tam
454 1835 580 1893 metam
600 1826 693 1892 infra
712 1847 818 1911 quam
841 1849 912 1895 non
942 1834 1163 1913 extenuatur,
1195 1837 1230 1894 et
1258 1838 1386 1896 certam
1414 1830 1507 1896 ultra

362 1974 466 2038 quam
481 1974 551 2018 non
567 1958 727 2038 augetur,
745 1952 774 2017 si
789 1952 839 2018 ita
853 1959 904 2019 est
920 1952 956 2018 in
973 1954 1070 2037 totis,
1088 1955 1252 2021 nimirum
1269 1954 1387 2021 eodem
1404 1962 1506 2043 pacto

363 2100 448 2165 opus
468 2084 521 2142 est
541 2100 612 2142 esse
631 2076 669 2142 in
687 2076 861 2165 partibus,
881 2084 1002 2166 utpote
1021 2079 1051 2145 si
1069 2086 1173 2167 caput
1192 2079 1352 2146 animalis
1368 2102 1438 2146 non
1454 2086 1507 2146 est

362 2208 683 2288 quantumcunque,
704 2224 816 2287 neque
835 2201 908 2268 eius
924 2202 1115 2287 cerebrum,
1129 2226 1233 2270 nasus
1250 2210 1285 2268 et
1301 2204 1419 2270 oculus
1435 2224 1506 2270 non

298 2331 340 2395 15
364 2329 430 2394 erit
450 2335 769 2415 quantumcunque,
789 2328 839 2394 ita
857 2351 959 2413 vena,
984 2329 1123 2413 arteria,
1152 2351 1189 2395 oe
1220 2336 1255 2395 et
1283 2328 1410 2395 similia
1435 2350 1507 2394 non

362 2462 465 2519 erunt
494 2459 808 2539 quantumcunque.
839 2453 1006 2530 Quocirca
1036 2455 1267 2521 neceesarium
1296 2461 1348 2520 est
1377 2453 1506 2520 inferre

362 2602 432 2645 non
463 2601 535 2644 esse
565 2578 728 2665 possibile
761 2578 798 2642 in
826 2589 1030 2664 quocunque
1058 2602 1130 2646 esse
1161 2577 1402 2665 quodcunque,
1428 2601 1506 2644 oum

361 2705 466 2771 ctiam
485 2703 712 2791 quodcunque
728 2725 798 2769 non
815 2710 867 2768 est
887 2712 1191 2790 quantumcunque
1206 2708 1240 2769 et
1255 2703 1503 2790 qualecunque.

360 2830 478 2897 Tertio
498 2830 528 2896 si
541 2831 590 2895 ita
607 2836 672 2911 est,
694 2837 732 2894 ut
752 2830 867 2895 omnia
886 2852 957 2896 non
975 2831 1075 2916 fiant,
1094 2830 1153 2896 sed
1168 2837 1395 2918 segregantur
1409 2829 1504 2914 (quia

294 2963 338 3026 20
361 2979 414 3022 res
433 2979 504 3022 non
523 2961 702 3020 mutantur
732 2961 771 3020 ut
792 2955 952 3020 desinant
975 2955 1012 3020 in
1038 2956 1136 3042 alias,
1157 2955 1215 3021 sed
1234 2957 1355 3022 insunt
1378 2954 1447 3021 alia
1466 2953 1503 3019 in

361 3081 466 3164 aliis),
491 3081 520 3146 si
545 3080 628 3145 item
652 3078 887 3146 denominatio
912 3081 951 3145 fit
977 3104 997 3146 a
1024 3082 1132 3168 pluri,
1154 3082 1237 3147 item
1262 3080 1441 3167 quodlibet
1465 3078 1505 3143 fit

361 3230 402 3272 ex
428 3206 581 3291 quolibet
605 3228 663 3270 seu
687 3215 889 3292 segregatur
912 3228 953 3270 ex
984 3206 1151 3290 qtiolibet,
1177 3214 1217 3272 ut
1245 3228 1335 3291 aqua
1363 3229 1406 3271 ex
1434 3226 1506 3271 oar-

361 3355 416 3414 ne,
438 3331 562 3417 quibus
586 3330 674 3395 addo
699 3331 791 3416 quod
809 3353 909 3397 omne
931 3353 1054 3418 corpus
1071 3331 1209 3396 finitum
1228 3354 1291 3419 per
1315 3330 1407 3398 finiti
1427 3331 1508 3396 sub·

361 3458 565 3524 tractionem
586 3457 814 3538 consumitur;
840 3481 881 3522 ex
904 3457 997 3523 hisee
1016 3458 1176 3524 omnibns
1193 3457 1350 3543 sequitur
1369 3464 1504 3522 contra·

206 3618 213 3629 ·
294 3581 337 3644 ‘25
361 3585 450 3650 rium
471 3585 715 3670 Anaxagorae,
735 3592 855 3671 utpote
879 3608 948 3650 non
972 3586 1010 3650 in
1034 3585 1188 3670 quolibet
1212 3608 1285 3651 esse
1315 3583 1503 3670 quodlibet.

362 3710 400 3774 Si
421 3709 548 3796 quippe
567 3710 629 3774 fiat
649 3711 752 3775 semel
772 3710 965 3796 segregatio
982 3709 1095 3775 carnis
1108 3709 1261 3797 partium
1279 3710 1322 3777 ab
1342 3731 1446 3794 aqua,
1466 3709 1504 3772 in

365 3833 498 3920 reliqua
517 3856 606 3919 aqua
627 3856 697 3898 non
717 3843 817 3898 erunt
836 3834 946 3899 adhuc
970 3835 1114 3900 totidem
1142 3835 1255 3900 carnis
1283 3841 1412 3921 partes,
1443 3833 1502 3898 sed

451 4249 467 4296 u·
484 4243 521 4296 ric
534 4245 571 4295 E:
582 4246 660 4306 sorae
675 4260 708 4294 cx
727 4259 760 4294 eo
778 4244 866 4310 <quod
883 4243 1069 4309 cognoscitur
1083 4258 1118 4294 ex
1136 4248 1207 4309 quot
1221 4247 1262 4301 et)
1278 4242 1383 4309 quibus
1395 4245 1440 4292 est
1454 4243 1501 4306 (cf.

359 4324 644 4389 Aratoe.p.1871212)
710 4325 789 4375 11.12
802 4330 831 4375 ot
845 4330 955 4376 certum
967 4324 1136 4390 ultraquam
1151 4325 1173 4376 t'
1234 4321 1503 4383 16.17Quocirca-

359 4406 505 4474 possibile]
520 4407 596 4473 qnod
610 4405 903 4471 circa-impossibile
917 4406 944 4455 Ε
1006 4408 1036 4457 19
1053 4406 1076 4455 si
1094 4403 1144 4472 ita]
1163 4405 1219 4454 sita
1233 4403 1260 4453 E
1315 4403 1393 4466 forre
1408 4417 1501 4468 segre-

358 4493 465 4552 gentur
528 4488 557 4537 21
576 4486 655 4549 aliis,
668 4488 693 4536 si
705 4488 783 4546 item]
800 4486 872 4537 aliis.
888 4486 947 4536 111⁰
960 4484 1028 4536 item
1040 4485 1067 4536 E

493 4583 569 4622 Buuxr
586 4582 642 4631 opp.
657 4583 697 4619 lat.
712 4581 756 4621 111.
1311 4579 1335 4618 et
