3488 5108
284 374 344 435 408
723 387 863 434 reanum
884 387 986 434 semu

284 565 371 626 nem,
386 566 488 629 quam
501 566 616 609 semen
633 543 800 608 iniectum
815 543 853 608 in
868 541 1060 628 matricem,
1073 543 1166 628 quod
1182 541 1339 629 proxime
1354 548 1430 607 erat

284 668 537 734 nutrimentum
552 691 611 734 seu
637 667 749 755 panis.
769 667 1003 734 Nihilominus
1022 676 1141 747 tamen
1163 665 1428 733 similitudinem

282 801 317 859 et
334 793 486 860 eiusdem
498 792 625 881 speciei
636 792 783 859 formem
798 794 835 859 in
851 794 946 859 omni
960 794 1186 881 productione
1197 793 1429 859 necessarium

281 927 333 985 est
353 919 484 1002 adesse,
511 919 607 986 utin
634 919 877 986 artificialibus
896 920 939 985 ab
960 921 1162 1008 exemplari,
1192 919 1283 1004 quod
1311 924 1363 984 est
1389 917 1429 982 in

236 1051 257 1114 5
281 1053 395 1110 mente
413 1044 570 1128 artificis,
590 1045 630 1110 fit
650 1043 771 1111 domus
790 1053 825 1111 et
841 1045 961 1126 vestis,
978 1046 1016 1110 in
1033 1044 1261 1131 productione
1275 1043 1429 1110 naturali

280 1170 324 1236 ab
341 1171 548 1258 exemplari,
564 1171 656 1257 quod
669 1179 721 1238 est
736 1171 927 1259 proximius
940 1171 1105 1238 materiae
1120 1171 1333 1255 formandae,
1351 1193 1427 1258 pro·

280 1295 453 1361 ducuntur
471 1303 506 1362 et
522 1296 735 1364 definiuntur
751 1319 865 1364 rerum
883 1298 1032 1386 specics3
1048 1305 1087 1363 ut
1106 1297 1263 1363 videmus
1282 1295 1428 1362 eandem

280 1422 485 1487 nutrimenti
504 1423 665 1510 speciem,
690 1424 781 1490 idem
805 1423 937 1489 caelum
957 1430 992 1489 et
1012 1445 1138 1510 squam
1158 1429 1193 1487 et
1212 1422 1427 1488 domicilium

280 1548 434 1614 converti
451 1548 490 1613 in
508 1548 748 1633 substantiam,
765 1548 860 1615 cauis
878 1549 917 1615 in
936 1572 1029 1631 cane,
1050 1548 1202 1615 hominis
1220 1548 1258 1613 in
1279 1547 1427 1631 homine,

216 1675 256 1737 10
279 1673 355 1739 felis
375 1673 412 1738 in
431 1673 510 1756 fele,
528 1680 563 1738 et
577 1697 640 1760 per
656 1674 747 1740 idem
764 1675 860 1740 cenis
878 1682 1023 1760 generat
1043 1697 1177 1756 canem,
1197 1673 1300 1740 homo
1318 1673 1426 1740 homi-

279 1823 375 1883 nem;
402 1798 464 1865 ubi
490 1805 650 1886 apertum
681 1807 749 1892 est,
781 1799 872 1885 quod
902 1807 977 1866 tote
1006 1799 1217 1866 discriminis
1244 1821 1345 1865 causa
1371 1807 1425 1866 cst

280 1910 423 2012 propter
441 1923 569 2010 ideam,
591 1947 678 2011 ques
698 1931 938 2011 praesentatur
960 1924 1089 2010 ubique
1112 1929 1259 1990 naturae
1281 1947 1425 2010 genere·

279 2049 360 2114 liter
379 2056 413 2115 et
428 2056 548 2136 postea
563 2049 737 2115 limitatur
754 2049 798 2115 ad
817 2049 906 2115 hanc
923 2049 1070 2115 stillam
1090 2049 1253 2136 speciem,
1277 2054 1316 2114 ut
1338 2047 1424 2115 haec

279 2182 330 2240 est
348 2174 539 2262 proximior
561 2175 615 2241 vel
640 2175 710 2241 ille.
734 2175 789 2240 lta
813 2182 847 2240 et
870 2198 992 2261 magus
1016 2175 1213 2260 quicunque
1231 2174 1307 2240 vult
1325 2173 1423 2261 perfi-

214 2310 254 2373 15
279 2323 353 2366 cere
377 2323 481 2387 opera
503 2299 631 2365 similia
655 2307 812 2384 nat-urae,
838 2310 890 2367 est
914 2299 1006 2385 quod
1028 2300 1213 2388 praecipue
1237 2303 1422 2384 cognoscat

277 2424 386 2491 ideale
402 2426 627 2513 principium,
647 2425 844 2512 specificum
863 2425 1001 2512 quidem
1018 2450 1037 2491 a
1054 2425 1181 2513 speeie,
1198 2447 1344 2511 moxque
1360 2447 1422 2491 nu-

277 2552 403 2617 merale
423 2551 466 2616 ad
485 2574 682 2635 numerum,
701 2574 760 2617 seu
784 2551 998 2617 individuale
1023 2551 1067 2617 ad
1083 2549 1311 2616 individuum.
1327 2549 1422 2615 Hinc

276 2676 336 2743 illa
352 2676 545 2762 imaginum
564 2676 711 2758 fabrica,
735 2686 770 2742 et
793 2677 959 2743 materiae
982 2676 1032 2742 ita
1050 2676 1218 2742 formatae
1237 2674 1365 2762 portio,
1385 2683 1420 2740 et

276 2825 348 2869 uon
364 2803 437 2868 sine
453 2803 606 2868 evidenti
623 2826 724 2869 cause
744 2811 778 2869 et
795 2805 927 2869 virtute
943 2805 1037 2891 magi
1053 2812 1088 2869 et
1103 2803 1323 2891 philosophia
1342 2825 1420 2869 con-

209 2932 253 2994 20
276 2930 434 2994 firmante
453 2928 628 3011 effectum,
648 2929 750 2994 multi
770 2929 936 2995 meleficia
959 2938 994 2995 et
1022 2929 1229 2995 medicinam
1258 2935 1419 2994 exercent

274 3077 336 3141 per
351 3054 540 3119 destinatas
560 3054 727 3140 quasdam
743 3055 871 3140 figuras
888 3078 965 3120 cum
979 3055 1081 3120 certis
1100 3055 1272 3141 partibile,
1293 3054 1347 3120 vel
1364 3053 1418 3118 his

276 3203 362 3264 quae
386 3179 537 3264 aliquem
561 3180 924 3264 communicationem,
956 3180 1261 3268 participationem
1288 3180 1419 3245 habeut

274 3328 351 3371 cum
375 3328 411 3369 re
430 3304 667 3370 maleficiends
686 3305 740 3371 vel
760 3305 939 3388 medenda,
964 3314 999 3371 et
1022 3306 1072 3371 ita
1096 3329 1182 3393 opus
1202 3305 1417 3372 contrahitur

273 3437 308 3495 et
326 3429 498 3494 limitatur
514 3430 557 3494 ad
574 3437 705 3495 certum
721 3430 952 3495 individuum.

206 3555 248 3618 25
360 3555 405 3619 Et
423 3578 465 3620 ex
483 3555 605 3619 harum
625 3578 742 3619 rerum
761 3556 992 3643 experientia,
1012 3557 1089 3621 aliis
1108 3556 1341 3644 pretermissis
1360 3579 1413 3621 re·

272 3676 441 3762 tionibus,
478 3680 701 3745 manifestum
738 3690 790 3746 est
825 3703 961 3746 omnem
997 3682 1149 3747 animam
1183 3688 1218 3746 ct
1251 3681 1412 3768 spiritum

271 3805 396 3871 habere
427 3805 601 3890 quandam
632 3806 897 3871 continuitatem
929 3829 1005 3871 cum
1033 3807 1158 3893 spiritu
1187 3807 1355 3889 universi,
1376 3813 1415 3872 ut

271 3953 342 3996 non
361 3929 470 3996 solum
490 3930 540 3995 ibi
559 3931 777 4016 intelligatur
796 3955 867 3997 esse
896 3938 931 3996 et
959 3931 1102 4015 includi,
1123 3933 1183 3998 ubi
1213 3932 1333 4016 scutit,
1354 3920 1415 3998 ubi

271 4055 440 4139 vivificat,
461 4055 644 4121 sedetiam
669 4057 706 4120 in
729 4057 935 4122 immensum
954 4079 1015 4142 per
1038 4080 1135 4122 suam
1166 4057 1349 4123 essentiam
1381 4064 1415 4121 et

365 4297 678 4347 sinomniaomnitu
741 4299 989 4366 lquod]quit'M
1050 4300 1262 4365 GproximusO
1323 4301 1413 4351 Sece-

271 4378 330 4427 lum
348 4380 371 4431 0
433 4380 464 4427 12
476 4378 587 4428 idaeam
604 4378 657 4429 CM
719 4381 749 4430 13
764 4381 838 4431 huuc
851 4381 897 4430 vel
911 4380 989 4431 illam
1004 4380 1105 4431 terret}
1166 4382 1196 4430 16
1206 4380 1414 4447 s'orsesdepe·

273 4458 367 4508 ciem?
429 4460 494 4524 esf.
511 4460 707 4511 maleficienda
720 4461 750 4510 M
758 4463 765 4496 ¹
828 4461 860 4512 ‘28
876 4461 1058 4527 intelligetur
1070 4462 1110 4511 ibi
1126 4464 1146 4513 (J
