3488 5108
551 417 642 463 nrsnr
664 418 873 463 nummosve
895 418 1107 464 rnrsroranis
1126 418 1321 464 excussuri
1443 404 1502 461 303

364 580 480 640 antem
504 574 596 661 quod
624 581 780 641 movetur
810 575 901 642 circa
933 576 1142 658 subiectum,
1171 582 1291 661 utpote
1318 575 1450 641 accedit
1468 583 1503 642 et

288 759 293 768 .
360 697 502 781 recedit,
522 705 604 764 sunt
619 700 805 766 contraria:
826 701 886 766 ubi
905 701 1065 767 recedens
1089 723 1148 767 seu
1172 701 1385 768 eontrarium
1412 701 1503 786 quod

362 823 539 910 abiicitur,
552 824 657 891 habet
673 848 798 893 nomen
819 828 983 893 contrarii
1002 850 1061 894 seu
1086 827 1352 915 privationis3
1371 832 1503 893 contra·

361 952 452 1018 rium
475 975 556 1020 vero
581 953 672 1040 quod
695 954 827 1021 accedit
854 963 889 1021 et
908 963 1025 1021 manet
1053 956 1092 1021 in
1119 955 1378 1044 compositione,
1400 956 1504 1022 habet

318 1086 487 1149 unomen
513 1079 673 1145 formae.

454 1223 488 1263 rr.
509 1203 561 1268 Ex
584 1202 637 1268 his
657 1205 879 1270 manifestum
898 1212 950 1271 est
972 1204 1120 1272 liberum
1140 1228 1212 1273 esse
1235 1206 1332 1272 iuxta
1350 1205 1502 1273 diversos

366 1336 542 1418 respectus
561 1328 673 1395 dicere
691 1330 866 1418 principia
884 1329 951 1396 duo
973 1331 1029 1396 vel
1047 1331 1128 1413 trie,
1149 1331 1232 1397 item
1260 1331 1434 1419 principia
1452 1332 1502 1397 di·

363 1479 438 1522 cere
457 1454 632 1521 contraria
661 1462 696 1520 et
718 1478 789 1521 non
820 1456 1002 1522 contraria.
1033 1456 1110 1521 Duo
1131 1455 1286 1542 quidem,
1317 1456 1346 1522 si
1366 1456 1407 1522 ad
1439 1457 1504 1523 ele-

362 1588 487 1664 menta,
498 1603 540 1646 ex
551 1579 677 1666 quibus
689 1603 743 1646 res
754 1580 965 1667 principiata
977 1581 1207 1668 componitur,
1220 1581 1453 1668 respiciemus,
1466 1582 1503 1648 in

299 1717 340 1781 10
363 1705 487 1791 quibus
508 1704 699 1791 privationi
716 1705 832 1771 nullus
847 1712 899 1771 est
918 1706 1026 1789 locus,
1047 1704 1325 1793 quandoquidem
1342 1705 1504 1772 definien-

363 1837 414 1895 tes
436 1830 645 1913 subiectum,
676 1837 795 1918 utpote
819 1832 892 1897 eius
911 1831 1080 1897 rationem
1104 1830 1312 1897 adducentes
1342 1830 1503 1897 essentia·

364 1956 447 2039 lem,
467 1955 611 2020 materia
644 1955 798 2021 contenti
824 1979 940 2022 sumus
960 1962 1064 2042 atquo
1082 1955 1207 2038 forma;
1226 1955 1295 2021 tria
1322 1977 1402 2021 vero
1422 1963 1503 2021 sunt

363 2079 549 2167 principia,
570 2079 599 2146 si
619 2103 688 2146 non
706 2080 749 2146 ad
764 2080 970 2168 productum
989 2104 1048 2147 seu
1067 2080 1329 2169 principiatum,
1350 2079 1409 2145 sed
1427 2102 1504 2167 pro·

363 2205 561 2271 ductionem
582 2205 819 2293 respiciamus,
840 2206 876 2272 in
897 2229 964 2292 qua
982 2205 1195 2293 impossibile
1214 2211 1266 2271 est
1285 2228 1410 2272 novam
1433 2204 1502 2270 for·

299 2338 339 2402 15
363 2357 452 2399 mam
474 2333 710 2420 supervenire,
736 2333 803 2398 nisi
826 2333 922 2421 prior
952 2333 1127 2416 abscedat,
1148 2332 1317 2419 siquidem
1349 2332 1504 2420 impossi-

364 2458 434 2523 bile
453 2466 504 2524 est
525 2458 609 2524 duas
629 2459 758 2524 formas
777 2459 1040 2546 substanltiales
1059 2480 1132 2524 esso
1150 2458 1189 2524 in
1202 2457 1321 2525 eodem
1338 2457 1500 2542 subiecto,
1527 2463 1606 2528 19²·
1620 2462 1655 2526 Ο

362 2605 478 2667 unum,
490 2582 650 2649 videlicet
667 2584 858 2667 materiam,
877 2584 920 2649 ad
939 2583 1023 2650 duas
1043 2582 1209 2649 essentias
1225 2590 1260 2648 et
1276 2582 1360 2649 duas
1373 2583 1501 2669 species

362 2710 543 2797 pertinere.
563 2711 650 2776 Item
669 2711 842 2799 principia
858 2710 1003 2776 dicimus
1016 2734 1086 2776 non
1099 2711 1285 2794 contraria,
1305 2709 1334 2775 si
1351 2709 1394 2776 ad
1414 2733 1501 2794 quae

362 2842 445 2901 sunt
463 2859 524 2922 per
544 2860 578 2900 se
599 2836 836 2923 respiciamus,
864 2835 1141 2923 quandoquidem
1172 2835 1335 2901 materiae
1358 2844 1498 2901 nonest

296 2971 340 3032 ‘20
365 2961 538 3026 contraria
557 2962 668 3026 formu
685 2985 795 3047 nequo
812 2961 1008 3049 oppositum
1024 2960 1166 3044 formae;
1188 2967 1192 3049 l
1213 2983 1315 3048 porro
1331 2960 1412 3026 licet
1425 2983 1503 3028 con·
1528 2970 1663 3034 31²3

278 3134 284 3147 ,
365 3087 474 3151 traria
495 3087 607 3151 nlicere
627 3088 812 3174 principia,
834 3088 863 3152 si
882 3087 925 3152 ad
945 3089 1012 3152 duo
1032 3087 1121 3175 ipsa,
1143 3110 1230 3173 quae
1253 3087 1381 3153 habent
1401 3087 1504 3152 ratio·

364 3234 442 3276 nern
463 3211 606 3295 formae,
639 3213 877 3300 respiciamus,
902 3236 988 3298 qnae
1020 3237 1056 3278 so
1078 3236 1148 3279 non
1182 3213 1441 3300 compatiuntur
1465 3213 1501 3278 in

363 3336 483 3402 collem
504 3339 672 3421 subiecto,
697 3346 732 3403 ct
750 3345 892 3426 propter
921 3362 1019 3424 qnae,
1040 3339 1129 3404 sicut
1159 3338 1289 3403 dictum
1314 3346 1364 3403 est
1384 3361 1500 3425 supra,

364 3461 453 3526 nihil
474 3462 527 3544 fit,
555 3463 622 3528 nisi
639 3487 680 3528 cx
700 3488 738 3528 co
755 3464 846 3550 quod
869 3471 921 3530 est
940 3466 1134 3551 oppositum
1151 3471 1184 3527 ct
1200 3463 1349 3549 quadmn
1368 3463 1502 3528 rationo

295 3596 338 3675 25
362 3589 581 3654 contrarium.

855 3860 888 3899 Dc
904 3860 1008 3899 lucteris.

457 4081 547 4146 Tum
567 4103 608 4144 ex
628 4080 810 4150 contrariis
833 4082 923 4147 fiunt
942 4083 1194 4169 generationes,
1227 4084 1351 4169 quibus
1371 4108 1509 4171 semper·

368 4229 478 4272 unum
499 4206 690 4271 subiectum
711 4207 884 4272 substerni
909 4208 1126 4295 intelligitur.
1146 4208 1327 4275 Contraria
1351 4210 1425 4297 ipsa
1444 4234 1503 4276 seu

370 4332 500 4397 formae
519 4354 716 4417 exprressum
740 4332 869 4397 habent
887 4356 1011 4399 nomon
1035 4341 1069 4398 et
1088 4335 1268 4415 rationem,
1288 4335 1401 4421 ipsum
1421 4359 1501 4400 vero

297 4460 341 4521 30
367 4458 559 4522 subiectum
583 4479 693 4541 neque
717 4480 841 4523 nomen
864 4457 969 4524 habet
992 4459 1171 4546 proprium
1193 4483 1305 4545 neque
1332 4461 1502 4526 rationem
